% Encoding: UTF-8


@String { ADGEO   = {Adv.\ Geosci.} }
@String { AFM     = {Agric.\ For.\ Meteor.} }
@String { AGU     = {Amer.\ Geophys.\ Union} }
@String { AIP     = {Amer. Inst. Phys.} }
@String { AM      = {Ann.\ Meteor.} }
@String { AMS     = {Amer.\ Meteor.\ Soc.} }
@String { AN      = {Astrophys.\ Norv.} }
@String { AO      = {Atmos.--Ocean} }
@String { AR      = {Atmos.\ Res.} }
@String { ARFM    = {Annu.\ Rev.\ Fluid Mech.} }
@String { AUMET   = {Aust.\ Meteor.\ Mag.} }
@String { BAMS    = {Bull.\ Amer.\ Meteor.\ Soc.} }
@String { CAP     = {Contrib.\ Atmos.\ Phys.} }
@String { CC      = {Climate Change} }
@String { CCH     = {Climatic Change} }
@String { CDYN    = {Climate Dyn.} }
@String { CHAOS   = {Chaos} }
@String { COL     = {Collier's} }
@String { CRS     = {Cont.\ Shelf Res.} }
@String { DAO     = {Dyn.\ Atmos.\ Oceans} }
@String { ECO     = {Ecology} }
@String { EI      = {Earth Interact.} }
@String { GA      = {Geophysica} }
@String { GEOINT  = {Geofis.\ Int.} }
@String { GEOMAG  = {Geophys.\ Mag.} }
@String { GEOPUB  = {Geofys.\ Publ.} }
@String { GN      = {Geophys.\ Norv.} }
@String { GPC     = {Global Planet.\ Change} }
@String { GRL     = {Geophys.\ Res.\ Lett.} }
@String { HP      = {Health Phys.} }
@String { IAOP    = {Izv.\ Atmos.\ Ocean.\ Phys.\ (Engl.\ Transl.)} }
@String { IJC     = {Int.\ J.\ Climatol.} }
@String { JAM     = {J.\ Appl.\ Meteor.} }
@String { JAMC    = {J.\ Appl.\ Meteor.\ Climatol.} }
@String { JAOT    = {J.\ Atmos.\ Oceanic Technol.} }
@String { JAS     = {J.\ Atmos.\ Sci.} }
@String { JCAM    = {J.\ Climate Appl.\ Meteor.} }
@String { JCLI    = {J.\ Climate} }
@String { JCR     = {J.\ Coastal Res.} }
@String { JEM     = {J.\ Eng.\ Math.} }
@String { JFM     = {J.\ Fluid\ Mech.} }
@String { JGR     = {J.\ Geophys.\ Res.} }
@String { JHM     = {J.\ Hydrometeor.} }
@String { JM      = {J.\ Meteor.} }
@String { JMR     = {J.\ Mar.\ Res.} }
@String { JMS     = {J.\ Mar.\ Syst.} }
@String { JMSJ    = {J.\ Meteor.\ Soc.\ Japan} }
@String { JOCEAN  = {J.\ Oceanogr.} }
@String { JOSJ    = {J.\ Oceanogr.\ Soc.\ Japan} }
@String { JPO     = {J.\ Phys.\ Oceanogr.} }
@String { JSE     = {J.\ Struct.\ Eng.} }
@String { JTM     = {J.\ Tropical Meteor.} }
@String { JWEIA   = {J.\ Wind Eng.\ Ind.\ Aerodyn.} }
@String { MA      = {Meteor.\ Appl.} }
@String { MAP     = {Meteor.\ Atmos.\ Phys.} }
@String { METMON  = {Meteor.\ Monogr.} }
@String { METZEIT = {Meteor.\ Z.} }
@String { MWL     = {Mar.\ Wea.\ Log} }
@String { MWR     = {Mon.\ Wea.\ Rev.} }
@String { NAT     = {Nature} }
@String { NHR     = {Nat.\ Hazards Rev.} }
@String { NWD     = {Natl.\ Weather Dig.} }
@String { OA      = {Oceanol. Aeta} }
@String { OCEAN   = {Oceanography} }
@String { PAG     = {Pure Appl.\ Geophys.} }
@String { PF      = {Phys.\ Fluids} }
@String { PHYSD   = {Physica D} }
@String { PMG     = {Pap.\ Meteor.\ Geophys.} }
@String { PNAS    = {Proc.\ Natl.\ Acad.\ Sci.\ (USA)} }
@String { PRE     = {Phys.\ Rev.\ E} }
@String { PRSA    = {Proc.\ Roy.\ Soc.} }
@String { PT      = {Phys.\ Today} }
@String { PTRS    = {Philos.\ Trans.\ Roy.\ Soc.\ London} }
@String { QJRMS   = {Quart.\ J.\ Roy.\ Meteor.\ Soc.} }
@String { RGEO    = {Rev. Geophys.} }
@String { SCI     = {Science} }
@String { SOLA    = {SOLA} }
@String { TAGU    = {Eos, Trans.\ Amer.\ Geophys.\ Union} }
@String { TCFD    = {Theor.\ Comput.\ Fluid Dyn.} }
@String { TELLUS  = {Tellus} }
@String { WEA     = {Weather} }
@String { WF      = {Wea.\ Forecasting} }
@String { WMOB    = {WMO Bull.} }
@String { WW      = {Weatherwise} }

@Article{abraham2013review,
  Title                    = {A review of global ocean temperature observations: Implications for ocean heat content estimates and climate change},
  Author                   = {Abraham, JP and Baringer, M and Bindoff, NL and Boyer, T and Cheng, LJ and Church, JA and Conroy, JL and Domingues, CM and Fasullo, JT and Gilson, J and others},
  Journal                  = {Reviews of Geophysics},
  Year                     = {2013},
  Number                   = {3},
  Pages                    = {450--483},
  Volume                   = {51},
  File                     = {Abraham2013_review_global_ocean:rog20022.pdf:PDF},
  Keywords                 = {1},
  Owner                    = {acc215},
  Publisher                = {Wiley Online Library},
  Timestamp                = {2015.10.08}
}

@Article{adeola2014social,
  Title                    = {Social capital and the mental health impacts of hurricane Katrina: assessing long-term patterns of psychosocial distress},
  Author                   = {Adeola, Francis O and Picou, J Steven},
  Journal                  = {International Journal of Mass Emergencies and Disasters},
  Year                     = {2014},
  Number                   = {1},
  Pages                    = {121--156},
  Volume                   = {32},
  Date-added               = {2015-09-02 13:44:59 +0000},
  Date-modified            = {2015-09-02 13:44:59 +0000}
}

@Article{balmaseda2013evaluation,
  Title                    = {Evaluation of the ECMWF ocean reanalysis system ORAS4},
  Author                   = {Balmaseda, Magdalena Alonso and Mogensen, Kristian and Weaver, Anthony T},
  Journal                  = {Quarterly Journal of the Royal Meteorological Society},
  Year                     = {2013},
  Number                   = {674},
  Pages                    = {1132--1161},
  Volume                   = {139},
  Publisher                = {Wiley Online Library}
}

@Article{bender1993numerical,
  Title                    = {Numerical simulations of tropical cyclone-ocean interaction with a high-resolution coupled model},
  Author                   = {Bender, Morris A and Ginis, Isaac and Kurihara, Yoshio},
  Journal                  = {Journal of Geophysical Research: Atmospheres (1984--2012)},
  Year                     = {1993},
  Number                   = {D12},
  Pages                    = {23245--23263},
  Volume                   = {98},
  File                     = {Bender1993_simulations_cyclone-ocean_interaction:H\:\\Documents\\China_MO\\References\\Bender_et_al-1993-Journal_of_Geophysical_Research-_Atmospheres_(1984-2012).pdf:PDF},
  Keywords                 = {1},
  Owner                    = {acc215},
  Publisher                = {Wiley Online Library},
  Timestamp                = {2015.11.12}
}

@Article{bender2000real,
  Title                    = {Real-case simulations of hurricane-ocean interaction using a high-resolution coupled model: Effects on hurricane intensity},
  Author                   = {Bender, Morris A and Ginis, Isaac},
  Journal                  = {Monthly Weather Review},
  Year                     = {2000},
  Number                   = {4},
  Pages                    = {917--946},
  Volume                   = {128},
  File                     = {Bender2000_Simulations_hurricane_ocean:H\:\\Documents\\China_MO\\References\\1520-0493%282000%29128-0917%3Arcsoho-2%2E0%2Eco%3B2.pdf:PDF},
  Keywords                 = {2},
  Owner                    = {acc215},
  Timestamp                = {2015.11.12}
}

@Article{bender2010modeled,
  Title                    = {Modeled impact of anthropogenic warming on the frequency of intense Atlantic hurricanes},
  Author                   = {Bender, Morris A and Knutson, Thomas R and Tuleya, Robert E and Sirutis, Joseph J and Vecchi, Gabriel A and Garner, Stephen T and Held, Isaac M},
  Journal                  = {Science},
  Year                     = {2010},
  Number                   = {5964},
  Pages                    = {454--458},
  Volume                   = {327},
  Publisher                = {American Association for the Advancement of Science}
}

@Article{bengtsson1995hurricane,
  Title                    = {Hurricane-type vortices in a general circulation model},
  Author                   = {Bengtsson, Lennart and Botzet, Michael and Esch, Monika},
  Journal                  = {Tellus A},
  Year                     = {1995},
  Number                   = {2},
  Pages                    = {175--196},
  Volume                   = {47},
  Publisher                = {Wiley Online Library}
}

@Article{bengtsson2006storm,
  Title                    = {Storm tracks and climate change},
  Author                   = {Bengtsson, Lennart and Hodges, Kevin I and Roeckner, Erich},
  Journal                  = {Journal of Climate},
  Year                     = {2006},
  Number                   = {15},
  Pages                    = {3518--3543},
  Volume                   = {19},
  Keywords                 = {4}
}

@Article{bengtsson2007may,
  Title                    = {How may tropical cyclones change in a warmer climate?},
  Author                   = {Bengtsson, Lennart and Hodges, Kevin I and Esch, Monika and Keenlyside, Noel and Kornblueh, Luis and LUO, JING-JIA and Yamagata, Toshio},
  Journal                  = {Tellus A},
  Year                     = {2007},
  Number                   = {4},
  Pages                    = {539--561},
  Volume                   = {59},
  Publisher                = {Wiley Online Library}
}

@Article{bengtsson2007tropical,
  Title                    = {Tropical cyclones in a T159 resolution global climate model: Comparison with observations and re-analyses},
  Author                   = {Bengtsson, L and Hodges, KI and Esch, M},
  Journal                  = {Tellus A},
  Year                     = {2007},
  Number                   = {4},
  Pages                    = {396--416},
  Volume                   = {59},
  Date-added               = {2015-09-02 13:45:30 +0000},
  Date-modified            = {2015-09-02 13:45:30 +0000},
  Keywords                 = {3},
  Publisher                = {Wiley Online Library}
}

@Article{bennetts1979conditional,
  Title                    = {Conditional symmetric instability-a possible explanation for frontal rainbands},
  Author                   = {Bennetts, DA and Hoskins, BJ},
  Journal                  = {Quarterly Journal of the Royal Meteorological Society},
  Year                     = {1979},
  Number                   = {446},
  Pages                    = {945--962},
  Volume                   = {105},
  File                     = {Bennetts1979_rainbands:\\\\icnas1.cc.ic.ac.uk\\acc215\\Documents\\China_MO\\References\\Bennetts_Hoskins_1979.pdf:PDF},
  Publisher                = {Wiley Online Library}
}

@Article{beven2003annual,
  Title                    = {Annual summary: Atlantic hurricane season of 2001},
  Author                   = {Beven, John L and Stewart, Stacy R and Lawrence, Miles B and Avila, Lixion A and Franklin, James L and Pasch, Richard J},
  Journal                  = {Monthly weather review},
  Year                     = {2003},
  Number                   = {7},
  Pages                    = {1454--1484},
  Volume                   = {131}
}

@Article{bjarnadottirpotential,
  Title                    = {The Potential Impact of Climate Change on Hurricane Risk Assessment},
  Author                   = {Bjarnadottir, Sigridur and Li, Yue and Stewart, Mark G},
  File                     = {Potential_impact_Bjarnadottir:\\\\icnas1.cc.ic.ac.uk\\acc215\\Documents\\Review_Hurricanes_climate_change\\11ACWE-Bjarnadottir.pdf:PDF},
  Keywords                 = {4}
}

@Book{blake2007deadliest,
  Title                    = {The deadliest, costliest, and most intense United States tropical cyclones from 1851 to 2006 (and other frequently requested hurricane facts)},
  Author                   = {Blake, Eric S and Landsea, Chris and Gibney, Ethan J},
  Publisher                = {NOAA/National Weather Service, National Centers for Environmental Prediction, National Hurricane Center},
  Year                     = {2007},
  Keywords                 = {3}
}

@Article{blake2013tropical,
  Title                    = {Tropical cyclone report: Hurricane sandy},
  Author                   = {Blake, Eric S and Kimberlain, Todd B and Berg, Robert J and Cangialosi, JP and Beven II, John L},
  Journal                  = {National Hurricane Center},
  Year                     = {2013},
  Pages                    = {1--10},
  Volume                   = {12}
}

@Electronic{bom_tc,
  Title                    = {About Tropical Cyclones},
  Author                   = {Bureau of Meteorology},
  Month                    = {October},
  URL                      = {www.bom.gov.au/cyclone/about/},
  Year                     = {2016}
}

@Article{booij1999third,
  Title                    = {A third-generation wave model for coastal regions: 1. Model description and validation},
  Author                   = {Booij, N and Ris, RC and Holthuijsen, Leo H},
  Journal                  = {Journal of geophysical research: Oceans},
  Year                     = {1999},
  Number                   = {C4},
  Pages                    = {7649--7666},
  Volume                   = {104},
  Publisher                = {Wiley Online Library}
}

@Article{breivik2015surface,
  Title                    = {Surface wave effects in the NEMO ocean model: Forced and coupled experiments},
  Author                   = {Breivik, {\O}yvind and Mogensen, Kristian and Bidlot, Jean-Raymond and Balmaseda, Magdalena Alonso and Janssen, Peter AEM},
  Journal                  = {Journal of Geophysical Research: Oceans},
  Year                     = {2015},
  Number                   = {4},
  Pages                    = {2973--2992},
  Volume                   = {120},
  File                     = {Breivik2015_surface_wave_effects:jgrc21204.pdf:PDF},
  Keywords                 = {2},
  Owner                    = {acc215},
  Publisher                = {Wiley Online Library},
  Timestamp                = {2015.10.08}
}

@Article{brennan2015impact,
  Title                    = {The Impact of Supplemental Dropwindsonde Data on the Structure and Intensity of Tropical Storm Karen (2013) in the NCEP Global Forecast System},
  Author                   = {Brennan, Michael J and Kleist, Daryl T and Howard, Kate and Majumdar, Sharanya J},
  Journal                  = {Weather and Forecasting},
  Year                     = {2015},
  Number                   = {2015},
  Keywords                 = {2},
  Owner                    = {acc215},
  Timestamp                = {2015.11.11}
}

@InProceedings{bruyere2014exploring,
  Title                    = {Exploring Genesis Potential Indices},
  Author                   = {Bruy{\`e}re, CL and Holland, GJ and others},
  Booktitle                = {Offshore Technology Conference},
  Year                     = {2014},
  Organization             = {Offshore Technology Conference},
  File                     = {Bruyere_exploring_GPI_2014:10121-4802-01-PA-Exploring_Genesis_Potential_Indices-Bruyere-05-07-2014.pdf:PDF},
  Keywords                 = {5}
}

@Book{burby1998cooperating,
  Title                    = {Cooperating with Nature:: Confronting Natural Hazards with Land-Use Planning for Sustainable Communities},
  Author                   = {Burby, Raymond J and others},
  Publisher                = {Joseph Henry Press},
  Year                     = {1998}
}

@Article{burby2006hurricane,
  Title                    = {Hurricane Katrina and the paradoxes of government disaster policy: Bringing about wise governmental decisions for hazardous areas},
  Author                   = {Burby, Raymond J},
  Journal                  = {The Annals of the American Academy of Political and Social Science},
  Year                     = {2006},
  Number                   = {1},
  Pages                    = {171--191},
  Volume                   = {604},
  Publisher                = {Sage Publications}
}

@Article{businger2015impact,
  Title                    = {The Impact of Hurricane Force Wind Fields on the North Pacific Ocean Environment},
  Author                   = {Businger, Steven and Yildiz, Selen and Robinson, Thomas E},
  Journal                  = {Weather and Forecasting},
  Year                     = {2015},
  Number                   = {2015},
  Keywords                 = {2},
  Owner                    = {acc215},
  Timestamp                = {2015.11.12}
}

@Article{camargo12007seasonal,
  Title                    = {Seasonal tropical cyclone forecasts},
  Author                   = {Camargo$^1$, Suzana J and Barnston, Anthony G and Klotzbach, Philip J and Landsea, Christopher W},
  Journal                  = {Wmo Bulletin},
  Year                     = {2007},
  Number                   = {4},
  Pages                    = {297},
  Volume                   = {56},
  Publisher                = {Citeseer}
}

@Article{camargo2002improving,
  Title                    = {Improving the detection and tracking of tropical cyclones in atmospheric general circulation models},
  Author                   = {Camargo, Suzana J and Zebiak, Stephen E},
  Journal                  = {Weather and forecasting},
  Year                     = {2002},
  Number                   = {6},
  Pages                    = {1152--1162},
  Volume                   = {17},
  Keywords                 = {3}
}

@Article{camargo2007cluster,
  Title                    = {Cluster analysis of typhoon tracks. Part II: Large-scale circulation and ENSO},
  Author                   = {Camargo, Suzana J and Robertson, Andrew W and Gaffney, Scott J and Smyth, Padhraic and Ghil, Michael},
  Journal                  = {Journal of Climate},
  Year                     = {2007},
  Number                   = {14},
  Pages                    = {3654--3676},
  Volume                   = {20},
  File                     = {Camargo_cluster_part2:jcli4203%2E1.pdf:PDF},
  Keywords                 = {5}
}

@Article{camargo2007tropical,
  Title                    = {Tropical cyclone genesis potential index in climate models},
  Author                   = {Camargo, Suzana J and Sobel, Adam H and Barnston, Anthony G and Emanuel, Kerry A},
  Journal                  = {Tellus A},
  Year                     = {2007},
  Number                   = {4},
  Pages                    = {428--443},
  Volume                   = {59},
  File                     = {Camargo_GPI_models_2007:CAMARGO_et_al-2007-Tellus_A.pdf:PDF},
  Publisher                = {Wiley Online Library}
}

@Article{CamargoRobertsonGaffneyEtAl2007,
  Title                    = {Cluster analysis of typhoon tracks. Part I: General properties},
  Author                   = {Camargo, Suzana J and Robertson, Andrew W and Gaffney, Scott J and Smyth, Padhraic and Ghil, Michael},
  Journal                  = {Journal of Climate},
  Year                     = {2007},
  Number                   = {14},
  Pages                    = {3635--3653},
  Volume                   = {20},
  Keywords                 = {4}
}

@Article{cao2011tropical,
  Title                    = {Tropical cyclone track and structure sensitivity to initialization in idealized simulations: A preliminary study},
  Author                   = {Cao, Yang and Fovell, Robert G and Corbosiero, Kristen L},
  Journal                  = {Terrestrial, Atmospheric and Oceanic Sciences},
  Year                     = {2011},
  Number                   = {6},
  Volume                   = {22},
  Keywords                 = {1},
  Owner                    = {acc215},
  Timestamp                = {2015.11.12}
}

@Article{carr1990observational,
  Title                    = {Observational evidence for predictions of tropical cyclone propagation relative to environmental steering},
  Author                   = {Carr III, LE and Elsberry, Russell L},
  Journal                  = {Journal of the Atmospheric Sciences},
  Year                     = {1990},
  Number                   = {4},
  Pages                    = {542--546},
  Volume                   = {47},
  File                     = {Carr_obserational_propagation:1520-0469%281990%29047-0542%3Aoefpot-2%2E0%2Eco%3B2.pdf:PDF},
  Keywords                 = {5}
}

@Article{cassou2004north,
  Title                    = {North Atlantic winter climate regimes: Spatial asymmetry, stationarity with time, and oceanic forcing},
  Author                   = {Cassou, Christophe and Terray, Laurent and Hurrell, James W and Deser, Clara},
  Journal                  = {Journal of Climate},
  Year                     = {2004},
  Number                   = {5},
  Pages                    = {1055--1068},
  Volume                   = {17},
  File                     = {Cassou2004_North_Atlantic:\\\\icnas1.cc.ic.ac.uk\\acc215\\Documents\\China_MO\\References\\1520-0442%282004%29017-1055%3Anawcrs-2%2E0%2Eco%3B2.pdf:PDF}
}

@Online{catgraphs,
  Title                    = {Catastrophes: U.S.},
  Author                   = {Insurance Information Institute},
  URL                      = {http://www.iii.org/fact-statistic/catastrophes-us}
}

@Article{catto2010can,
  Title                    = {Can climate models capture the structure of extratropical cyclones?},
  Author                   = {Catto, Jennifer L and Shaffrey, Len C and Hodges, Kevin I},
  Journal                  = {Journal of Climate},
  Year                     = {2010},
  Number                   = {7},
  Pages                    = {1621--1635},
  Volume                   = {23}
}

@Article{chan1982tropical,
  Title                    = {Tropical cyclone movement and surrounding flow relationships},
  Author                   = {Chan, Johnny CL and Gray, William M},
  Journal                  = {Monthly Weather Review},
  Year                     = {1982},
  Number                   = {10},
  Pages                    = {1354--1374},
  Volume                   = {110},
  File                     = {Chan_movement_surrounding_flow:1520-0493%281982%29110-1354%3Atcmasf-2%2E0%2Eco%3B2.pdf:PDF},
  Keywords                 = {5}
}

@Article{chan1985identification,
  Title                    = {Identification of the steering flow for tropical cyclone motion from objectively analyzed wind fields},
  Author                   = {Chan, Johnny CL},
  Journal                  = {Monthly weather review},
  Year                     = {1985},
  Number                   = {1},
  Pages                    = {106--116},
  Volume                   = {113},
  File                     = {Chan_steering_flow:1520-0493%281985%29113-0106%3Aiotsff-2%2E0%2Eco%3B2.pdf:PDF},
  Keywords                 = {5}
}

@Article{chan1998seasonal,
  Title                    = {Seasonal forecasting of tropical cyclone activity over thewestern north pacific and the south china sea},
  Author                   = {Chan, Johnny CL and Shi, Jiu-en and Lam, Cheuk-man},
  Journal                  = {Weather and forecasting},
  Year                     = {1998},
  Number                   = {4},
  Pages                    = {997--1004},
  Volume                   = {13},
  File                     = {Chan_seasonal_forecasting_1998:1520-0434%281998%29013-0997%3Asfotca-2%2E0%2Eco%3B2.pdf:PDF},
  Keywords                 = {4}
}

@Article{chan2005physics,
  Title                    = {The physics of tropical cyclone motion},
  Author                   = {Chan, Johnny CL},
  Journal                  = {Annu. Rev. Fluid Mech.},
  Year                     = {2005},
  Pages                    = {99--128},
  Volume                   = {37},
  Publisher                = {Annual Reviews}
}

@Article{chan2007interannual,
  Title                    = {Interannual variations of intense typhoon activity},
  Author                   = {Chan, Johnny CL},
  Journal                  = {Tellus A},
  Year                     = {2007},
  Number                   = {4},
  Pages                    = {455--460},
  Volume                   = {59},
  File                     = {Interannual_intense_typhoon_Chan2007:CHAN-2007-Tellus_A.pdf:PDF},
  Keywords                 = {4},
  Owner                    = {acc215},
  Publisher                = {Wiley Online Library},
  Timestamp                = {2015.12.07}
}

@Article{ChanShiLam1998,
  Title                    = {Seasonal Forecasting of Tropical Cyclone Activity over theWestern North Pacific and the South China Sea},
  Author                   = {Chan, Johnny CL and Shi, Jiu-en and Lam, Cheuk-man},
  Journal                  = {Weather and forecasting},
  Year                     = {1998},
  Number                   = {4},
  Pages                    = {997--1004},
  Volume                   = {13},
  File                     = {Chan1998_seasonal_forecasting:H\:\\Documents\\China_MO\\References\\1520-0434%281998%29013-0997%3Asfotca-2%2E0%2Eco%3B2.pdf:PDF},
  Keywords                 = {2},
  Owner                    = {acc215},
  Timestamp                = {2015.10.12}
}

@Article{chassignet2007hycom,
  Title                    = {The HYCOM (hybrid coordinate ocean model) data assimilative system},
  Author                   = {Chassignet, Eric P and Hurlburt, Harley E and Smedstad, Ole Martin and Halliwell, George R and Hogan, Patrick J and Wallcraft, Alan J and Baraille, Remy and Bleck, Rainer},
  Journal                  = {Journal of Marine Systems},
  Year                     = {2007},
  Number                   = {1},
  Pages                    = {60--83},
  Volume                   = {65},
  File                     = {Chassignet2007_HYCOM:H\:\\Documents\\China_MO\\References\\1-s2.0-S0924796306002855-main.pdf:PDF},
  Keywords                 = {1},
  Owner                    = {acc215},
  Publisher                = {Elsevier},
  Timestamp                = {2015.10.09}
}

@Article{chen2007cblast,
  Title                    = {The CBLAST-Hurricane Program and the next-generation fully coupled atmosphere-wave-ocean models for hurricane research and prediction},
  Author                   = {Chen, Shuyi S and Zhao, Wei and Donelan, Mark A and Price, James F and Walsh, Edward J},
  Journal                  = {Bulletin of the American Meteorological Society},
  Year                     = {2007},
  Number                   = {3},
  Pages                    = {311--317},
  Volume                   = {88}
}

@Article{chu1997tropical,
  Title                    = {Tropical Cyclone Occurrences in the Vicinity of Hawaii: Are the Differences between El Ni{\~n}o and Non-El Ni{\~n}o Years Significant?*},
  Author                   = {Chu, Pao-Shin and Wang, Jianxin},
  Journal                  = {Journal of Climate},
  Year                     = {1997},
  Number                   = {10},
  Pages                    = {2683--2689},
  Volume                   = {10},
  Keywords                 = {6},
  Owner                    = {acc215},
  Timestamp                = {2015.12.07}
}

@Article{church2013sea,
  Title                    = {Sea level change},
  Author                   = {Church, John A and Clark, Peter U and Cazenave, Anny and Gregory, Jonathan M and Jevrejeva, S and Levermann, A and Merrifield, MA and Milne, GA and Nerem, RS and Nunn, PD and others},
  Journal                  = {Climate change},
  Year                     = {2013},
  Pages                    = {1137--1216}
}

@Electronic{circ_pic,
  Title                    = {Dynamics of Tropical Cyclones},
  Author                   = {Roger Smith},
  Month                    = {October},
  URL                      = {www.meteo.physik.uni-muenchen.de/~roger/TCLecs/Tropical%20Cyclones_Dynamics.html},
  Year                     = {2016}
}

@Article{cl2001improvements,
  Title                    = {Improvements in the seasonal forecasting of tropical cyclone activity over the western North Pacific},
  Author                   = {CL Chan, Johnny and Shi, Jiu-en and Liu, Kin Sik},
  Journal                  = {Weather and forecasting},
  Year                     = {2001},
  Number                   = {4},
  Pages                    = {491--498},
  Volume                   = {16},
  File                     = {Chan2001_improve_seasonal_forecasting:H\:\\Documents\\China_MO\\References\\1520-0434%282001%29016-0491%3Aiitsfo-2%2E0%2Eco%3B2.pdf:PDF},
  Keywords                 = {2},
  Owner                    = {acc215},
  Timestamp                = {2015.10.12}
}

@Book{clark2014global,
  Title                    = {Global Sustainable Communities Handbook: Green Design Technologies and Economics},
  Author                   = {Clark III, Woodrow W},
  Publisher                = {Butterworth-Heinemann},
  Year                     = {2014}
}

@Online{ClimateChangeinAustralia,
  Title                    = {Climate Model Resolution},
  Author                   = {Climate Change in Australia,},
  URL                      = {http://www.climatechangeinaustralia.gov.au/en/climate-campus/modelling-and-projections/climate-models/resolution/}
}

@Online{climodaus,
  Title                    = {Climate Model Resolution},
  Author                   = {Climate Change in Australia,},
  URL                      = {http://www.climatechangeinaustralia.gov.au/en/climate-campus/modelling-and-projections/climate-models/resolution/}
}

@Article{colby2015global,
  Title                    = {Global Ensemble Forecast Tracks for Tropical Storm Debby},
  Author                   = {Colby Jr, Frank P},
  Journal                  = {Weather and Forecasting},
  Year                     = {2015},
  Number                   = {2015},
  Keywords                 = {2},
  Owner                    = {acc215},
  Timestamp                = {2015.11.11}
}

@Electronic{comet_tm,
  Title                    = {Introduction to tropical Meteorology},
  Author                   = {COMET},
  URL                      = {http://www.goes-r.gov/users/comet/tropical/textbook_2nd_edition/navmenu.php_tab_9_page_2.4.3.htm}
}

@Article{compo2011twentieth,
  Title                    = {The twentieth century reanalysis project},
  Author                   = {Compo, Gilbert P and Whitaker, Jeffrey S and Sardeshmukh, Prashant D and Matsui, Nobuki and Allan, Robert J and Yin, Xungang and Gleason, Byron E and Vose, RS and Rutledge, G and Bessemoulin, P and others},
  Journal                  = {Quarterly Journal of the Royal Meteorological Society},
  Year                     = {2011},
  Number                   = {654},
  Pages                    = {1--28},
  Volume                   = {137},
  Date-added               = {2015-09-13 18:54:20 +0000},
  Date-modified            = {2015-09-13 18:54:20 +0000},
  Publisher                = {Wiley Online Library}
}

@Article{craig1996cisk,
  Title                    = {CISK or WISHE as the mechanism for tropical cyclone intensification},
  Author                   = {Craig, George C and Gray, Suzanne L},
  Journal                  = {Journal of the atmospheric sciences},
  Year                     = {1996},
  Number                   = {23},
  Pages                    = {3528--3540},
  Volume                   = {53},
  Keywords                 = {4}
}

@Article{d2014impact,
  Title                    = {Impact of typhoons on the ocean in the Pacific},
  Author                   = {D'Asaro, EA and Black, PG and Centurioni, LR and Chang, Y-T and Chen, Shuyi S and Foster, RC and Graber, Hans C and Harr, P and Hormann, Verena and Lien, R-C and others},
  Journal                  = {Bulletin of the American Meteorological Society},
  Year                     = {2014},
  Number                   = {9},
  Pages                    = {1405--1418},
  Volume                   = {95},
  Publisher                = {American Meteorological Society}
}

@Article{daloz2015cluster,
  Title                    = {Cluster analysis of downscaled and explicitly simulated North Atlantic tropical cyclone tracks},
  Author                   = {Daloz, Anne S and Camargo, SJ and Kossin, JP and Emanuel, K and Horn, M and Jonas, JA and Kim, D and LaRow, T and Lim, Y-K and Patricola, CM and others},
  Journal                  = {Journal of Climate},
  Year                     = {2015},
  Number                   = {4},
  Pages                    = {1333--1361},
  Volume                   = {28}
}

@Article{dare2011threshold,
  Title                    = {The threshold sea surface temperature condition for tropical cyclogenesis},
  Author                   = {Dare, Richard A and McBride, John L},
  Journal                  = {Journal of climate},
  Year                     = {2011},
  Number                   = {17},
  Pages                    = {4570--4576},
  Volume                   = {24}
}

@Article{davini2016northern,
  Title                    = {Northern Hemisphere Atmospheric Blocking Representation in Global Climate Models: Twenty Years of Improvements?},
  Author                   = {Davini, Paolo and D’Andrea, Fabio},
  Journal                  = {Journal of Climate},
  Year                     = {2016},
  Number                   = {24},
  Pages                    = {8823--8840},
  Volume                   = {29}
}

@InProceedings{davis2007realistic,
  Title                    = {Realistic simulations of intense hurricanes with the NCEP/NCAR WRF modeling system},
  Author                   = {Davis, Chris and Holland, Greg},
  Booktitle                = {10th International Workshop on Wave Hindcasting and Forecasting and Coastal Hazard Symposium, North Shore, Hawaii},
  Year                     = {2007},
  Keywords                 = {3}
}

@Article{davis2015new,
  Title                    = {A new statistical model to predict seasonal North Atlantic hurricane activity},
  Author                   = {Davis, Kyle and Zeng, Xubin and Ritchie, Elizabeth A},
  Journal                  = {Weather and Forecasting},
  Year                     = {2015},
  Number                   = {2015},
  Keywords                 = {4},
  Owner                    = {acc215},
  Timestamp                = {2015.11.12}
}

@Article{dee2011era,
  Title                    = {The ERA-Interim reanalysis: Configuration and performance of the data assimilation system},
  Author                   = {Dee, DP and Uppala, SM and Simmons, AJ and Berrisford, Paul and Poli, P and Kobayashi, S and Andrae, U and Balmaseda, MA and Balsamo, G and Bauer, P and others},
  Journal                  = {Quarterly Journal of the Royal Meteorological Society},
  Year                     = {2011},
  Number                   = {656},
  Pages                    = {553--597},
  Volume                   = {137},
  Date-added               = {2015-09-02 13:46:26 +0000},
  Date-modified            = {2015-09-02 13:46:26 +0000},
  Publisher                = {Wiley Online Library}
}

@InProceedings{done2014future,
  Title                    = {Future Changes in Gulf of Mexico Hurricane Wave Climatology},
  Author                   = {Done, James and Bruyere, Cindy and Ge, Ming and Holland, Greg and others},
  Booktitle                = {Offshore Technology Conference},
  Year                     = {2014},
  Organization             = {Offshore Technology Conference}
}

@Article{done2015estimating,
  Title                    = {Estimating impacts of North Atlantic tropical cyclones using an index of damage potential},
  Author                   = {Done, James M and PaiMazumder, Debasish and Towler, Erin and Kishtawal, Chandra M},
  Journal                  = {Climatic Change},
  Year                     = {2015},
  Pages                    = {1--13},
  Keywords                 = {4},
  Publisher                = {Springer}
}

@Article{donlon2012operational,
  Title                    = {The operational sea surface temperature and sea ice analysis (OSTIA) system},
  Author                   = {Donlon, Craig J and Martin, Matthew and Stark, John and Roberts-Jones, Jonah and Fiedler, Emma and Wimmer, Werenfrid},
  Journal                  = {Remote Sensing of Environment},
  Year                     = {2012},
  Pages                    = {140--158},
  Volume                   = {116},
  File                     = {Donlon2012_OSTIA:\\\\icnas1.cc.ic.ac.uk\\acc215\\Documents\\China_MO\\References\\1-s2.0-S0034425711002197-main.pdf:PDF},
  Publisher                = {Elsevier}
}

@Article{DonlonMartinStarkEtAl2012,
  Title                    = {The operational sea surface temperature and sea ice analysis (OSTIA) system},
  Author                   = {Donlon, Craig J and Martin, Matthew and Stark, John and Roberts-Jones, Jonah and Fiedler, Emma and Wimmer, Werenfrid},
  Journal                  = {Remote Sensing of Environment},
  Year                     = {2012},
  Pages                    = {140--158},
  Volume                   = {116},
  Publisher                = {Elsevier}
}

@Article{donnelly2007intense,
  Title                    = {Intense hurricane activity over the past 5,000 years controlled by El Ni{\~n}o and the West African monsoon},
  Author                   = {Donnelly, Jeffrey P and Woodruff, Jonathan D},
  Journal                  = {Nature},
  Year                     = {2007},
  Number                   = {7143},
  Pages                    = {465--468},
  Volume                   = {447},
  Publisher                = {Nature Publishing Group}
}

@Article{douglas2011financial,
  Title                    = {Financial markets drive demand for climate models},
  Author                   = {Rowan Douglas},
  Year                     = {2011},
  Journaltitle             = {WMO Bulletin 60 (1)}
}

@Electronic{eastin,
  Title                    = {Tropical Cyclone Structure},
  Author                   = {M.D. Eastin},
  URL                      = {slideplayer.com/slide/8527706/}
}

@Article{ebita2011japanese,
  Title                    = {The Japanese 55-year Reanalysis" JRA-55": an interim report},
  Author                   = {Ebita, Ayataka and Kobayashi, Shinya and Ota, Yukinari and Moriya, Masami and Kumabe, Ryoji and Onogi, Kazutoshi and Harada, Yayoi and Yasui, Soichiro and Miyaoka, Kengo and Takahashi, Kiyotoshi and others},
  Journal                  = {Sola},
  Year                     = {2011},
  Pages                    = {149--152},
  Volume                   = {7},
  Date-added               = {2015-09-02 13:54:19 +0000},
  Date-modified            = {2015-09-02 13:54:19 +0000},
  Publisher                = {Meteorological Society of Japan}
}

@Electronic{ecmwf,
  Title                    = {Seasonal forecasting system},
  Author                   = {ECMWF},
  URL                      = {www.ecmwf.int/en/forecasts/documentation-and-support/long-range/seasonal-forecast-documentation/user-guide/forecasting-system}
}

@Electronic{ecmwf_atm_dyn,
  Title                    = {Modeling and prediction. Atmospheric Dynamics},
  Author                   = {ECMWF},
  URL                      = {www.ecmwf.int/en/research/modelling-and-prediction/atmospheric-dynamics},
  Year                     = {2017}
}

@Electronic{ecmwf_ifs,
  Title                    = {Documentation and support. Operational configurations of the ECMWF Integrated Forecasting System (IFS)},
  Author                   = {ECMWF},
  URL                      = {www.ecmwf.int/en/forecasts/documentation-and-support#Atmospheric}
}

@TechReport{ecmwf_ifs_dynamics,
  Title                    = {IFS DOCUMENTATION – Cy41r2. PART III: DYNAMICS AND NUMERICAL PROCEDURES},
  Author                   = {ECMWF},
  Institution              = {ECMWF},
  Year                     = {2016}
}

@Electronic{ecmwf_infographic,
  Title                    = {grid},
  Author                   = {ECMWF},
  URL                      = {www.ecmwf.int/sites/default/files/ECMWF_grid_infographic.pdf},
  Year                     = {2016}
}

@Electronic{ecmwf_newmodel,
  Title                    = {New forecast model cycle brings highest-ever resolution},
  Author                   = {ECMWF},
  Month                    = {March},
  URL                      = {www.ecmwf.int/en/about/media-centre/news/2016/new-forecast-model-cycle-brings-highest-ever-resolution},
  Year                     = {2016}
}

@TechReport{ecmwf_user_guide,
  Title                    = {User guide to ECMWF forecast products},
  Author                   = {ECMWF},
  Institution              = {ECMWF},
  Year                     = {2015}
}

@Article{egger2007angular,
  Title                    = {Angular momentum in the global atmospheric circulation},
  Author                   = {Egger, Joseph and Weickmann, Klaus and Hoinka, Klaus-Peter},
  Journal                  = {Reviews of Geophysics},
  Year                     = {2007},
  Number                   = {4},
  Volume                   = {45},
  File                     = {Egger2007_angular_momentum:\\\\icnas1.cc.ic.ac.uk\\acc215\\Documents\\China_MO\\References\\rog1654.pdf:PDF},
  Publisher                = {Wiley Online Library}
}

@Article{eliassen1962vertical,
  Title                    = {On the vertical circulation in frontal zones},
  Author                   = {Eliassen, Arnt},
  Journal                  = {Geofys. publ},
  Year                     = {1962},
  Number                   = {4},
  Pages                    = {147--160},
  Volume                   = {24},
  File                     = {Eliassen1962_frontal_zones:\\\\icnas1.cc.ic.ac.uk\\acc215\\Documents\\China_MO\\References\\Eliassen_1962.pdf:PDF}
}

@Article{elsner2008increasing,
  Title                    = {The increasing intensity of the strongest tropical cyclones},
  Author                   = {Elsner, James B and Kossin, James P and Jagger, Thomas H},
  Journal                  = {Nature},
  Year                     = {2008},
  Number                   = {7209},
  Pages                    = {92--95},
  Volume                   = {455},
  Keywords                 = {1},
  Owner                    = {acc215},
  Publisher                = {Nature Publishing Group},
  Timestamp                = {2015.12.07}
}

@Article{emanuel1983assessing,
  Title                    = {On assessing local conditional symmetric instability from atmospheric soundings},
  Author                   = {Emanuel, Kerry A},
  Journal                  = {Monthly weather review},
  Year                     = {1983},
  Number                   = {10},
  Pages                    = {2016--2033},
  Volume                   = {111},
  File                     = {Emanuel1983__symm_inst_soundings:\\\\icnas1.cc.ic.ac.uk\\acc215\\Documents\\China_MO\\References\\Emanuel_mwr83.pdf:PDF}
}

@Article{emanuel1983lagrangian,
  Title                    = {The Lagrangian parcel dynamics of moist symmetric instability},
  Author                   = {Emanuel, Kerry A},
  Journal                  = {Journal of the atmospheric sciences},
  Year                     = {1983},
  Number                   = {10},
  Pages                    = {2368--2376},
  Volume                   = {40},
  File                     = {Emanuel1983_Lagrangian:\\\\icnas1.cc.ic.ac.uk\\acc215\\Documents\\China_MO\\References\\1520-0469%281983%29040-2368%3Atlpdom-2.0.co%3B2.pdf:PDF}
}

@Article{emanuel1985frontal,
  Title                    = {Frontal circulations in the presence of small moist symmetric stability},
  Author                   = {Emanuel, Kerry A},
  Journal                  = {Journal of the atmospheric sciences},
  Year                     = {1985},
  Number                   = {10},
  Pages                    = {1062--1071},
  Volume                   = {42},
  File                     = {Emanuel1985_front_circ:\\\\icnas1.cc.ic.ac.uk\\acc215\\Documents\\China_MO\\References\\1520-0469%281985%29042-1062%3Afcitpo-2.0.co%3B2.pdf:PDF}
}

@Article{emanuel1991theory,
  Title                    = {The theory of hurricanes},
  Author                   = {Emanuel, Kerry A},
  Journal                  = {Annual Review of Fluid Mechanics},
  Year                     = {1991},
  Number                   = {1},
  Pages                    = {179--196},
  Volume                   = {23},
  Publisher                = {Annual Reviews 4139 El Camino Way, PO Box 10139, Palo Alto, CA 94303-0139, USA}
}

@Article{emanuel2004environmental,
  Title                    = {Environmental control of tropical cyclone intensity},
  Author                   = {Emanuel, Kerry and DesAutels, Christopher and Holloway, Christopher and Korty, Robert},
  Journal                  = {Journal of the atmospheric sciences},
  Year                     = {2004},
  Number                   = {7},
  Pages                    = {843--858},
  Volume                   = {61},
  Keywords                 = {6},
  Owner                    = {acc215},
  Timestamp                = {2015.12.07}
}

@Article{emanuel2005increasing,
  Title                    = {Increasing destructiveness of tropical cyclones over the past 30 years},
  Author                   = {Emanuel, Kerry},
  Journal                  = {Nature},
  Year                     = {2005},
  Number                   = {7051},
  Pages                    = {686--688},
  Volume                   = {436},
  Publisher                = {Nature Publishing Group}
}

@Article{emanuel2006climate,
  Title                    = {Climate and tropical cyclone activity: A new model downscaling approach},
  Author                   = {Emanuel, Kerry},
  Journal                  = {Journal of Climate},
  Year                     = {2006},
  Number                   = {19},
  Pages                    = {4797--4802},
  Volume                   = {19}
}

@Article{emanuel2006statistical,
  Title                    = {A statistical deterministic approach to hurricane risk assessment},
  Author                   = {Emanuel, Kerry and Ravela, Sai and Vivant, Emmanuel and Risi, Camille},
  Journal                  = {Bulletin of the American Meteorological Society},
  Year                     = {2006},
  Number                   = {3},
  Pages                    = {299--314},
  Volume                   = {87},
  Keywords                 = {4}
}

@Article{emanuel2008hurricanes,
  Title                    = {Hurricanes and global warming: Results from downscaling IPCC AR4 simulations},
  Author                   = {Emanuel, Kerry and Sundararajan, Ragoth and Williams, John},
  Journal                  = {Bulletin of the American Meteorological Society},
  Year                     = {2008},
  Number                   = {3},
  Pages                    = {347--367},
  Volume                   = {89},
  Keywords                 = {4}
}

@Article{emanuel2010tropical,
  Title                    = {Tropical cyclone activity downscaled from NOAA-CIRES reanalysis, 1908--1958},
  Author                   = {Emanuel, Kerry},
  Journal                  = {Journal of Advances in Modeling Earth Systems},
  Year                     = {2010},
  Number                   = {1},
  Volume                   = {2},
  File                     = {Emanuel_downscaled_NOAA-CIRES_2010:Emanuel-2010-Journal_of_Advances_in_Modeling_Earth_Systems.pdf:PDF},
  Publisher                = {Wiley Online Library}
}

@Article{emanuel2011global,
  Title                    = {Global warming effects on US hurricane damage},
  Author                   = {Emanuel, Kerry},
  Journal                  = {Weather, Climate, and Society},
  Year                     = {2011},
  Number                   = {4},
  Pages                    = {261--268},
  Volume                   = {3}
}

@Article{fan2009effect,
  Title                    = {The effect of wind-wave-current interaction on air-sea momentum fluxes and ocean response in tropical cyclones},
  Author                   = {Fan, Yalin and Ginis, Isaac and Hara, Tetsu},
  Journal                  = {Journal of Physical Oceanography},
  Year                     = {2009},
  Number                   = {4},
  Pages                    = {1019--1034},
  Volume                   = {39}
}

@Article{fan2009numerical,
  Title                    = {Numerical simulations and observations of surface wave fields under an extreme tropical cyclone},
  Author                   = {Fan, Yalin and Ginis, Isaac and Hara, Tetsu and Wright, C Wayne and Walsh, Edward J},
  Journal                  = {Journal of Physical Oceanography},
  Year                     = {2009},
  Number                   = {9},
  Pages                    = {2097--2116},
  Volume                   = {39},
  File                     = {Fan2009_observations_surface_wave_fields:H\:\\Documents\\China_MO\\References\\2009jpo4224%2E1.pdf:PDF},
  Keywords                 = {2},
  Owner                    = {acc215},
  Timestamp                = {2015.11.12}
}

@Online{femanfip,
  Title                    = {National Flood Insurance Program},
  Editor                   = {FEMA},
  URL                      = {https://www.fema.gov/national-flood-insurance-program}
}

@Book{field2012managing,
  Title                    = {Managing the risks of extreme events and disasters to advance climate change adaptation: special report of the intergovernmental panel on climate change},
  Author                   = {Field, Christopher B},
  Publisher                = {Cambridge University Press},
  Year                     = {2012}
}

@Article{fowler1995potential,
  Title                    = {Potential impacts of global warming on the frequency and magnitude of heavy precipitation},
  Author                   = {Fowler, AM and Hennessy, KJ},
  Journal                  = {Natural Hazards},
  Year                     = {1995},
  Number                   = {3},
  Pages                    = {283--303},
  Volume                   = {11},
  Publisher                = {Springer}
}

@Article{frankignoul1998air,
  Title                    = {Air--sea feedback in the North Atlantic and surface boundary conditions for ocean models},
  Author                   = {Frankignoul, Claude and Czaja, Arnaud and L’Heveder, Blandine},
  Journal                  = {Journal of climate},
  Year                     = {1998},
  Number                   = {9},
  Pages                    = {2310--2324},
  Volume                   = {11},
  File                     = {Frankignoul1998_air-sea:\\\\icnas1.cc.ic.ac.uk\\acc215\\Documents\\China_MO\\References\\Claude_jcl98.pdf:PDF}
}

@Article{franklin1996tropical,
  Title                    = {Tropical cyclone motion and surrounding flow relationships: searching for beta gyres in Omega dropwindsonde datasets},
  Author                   = {Franklin, James L and Feuer, Steven E and Kaplan, John and Aberson, Sim D},
  Journal                  = {Monthly weather review},
  Year                     = {1996},
  Number                   = {1},
  Pages                    = {64--84},
  Volume                   = {124},
  File                     = {Franklin_motion_surrounding_flow:1520-0493%281996%29124-0064%3Atcmasf-2%2E0%2Eco%3B2.pdf:PDF},
  Keywords                 = {5}
}

@Article{frazier2010stakeholder,
  Title                    = {Stakeholder perspectives on land-use strategies for adapting to climate-change-enhanced coastal hazards: Sarasota, Florida},
  Author                   = {Frazier, Tim G and Wood, Nathan and Yarnal, Brent},
  Journal                  = {Applied Geography},
  Year                     = {2010},
  Number                   = {4},
  Pages                    = {506--517},
  Volume                   = {30},
  File                     = {Stakeholder_land-use_Frazier2010:\\\\icnas1.cc.ic.ac.uk\\acc215\\Documents\\Review_Hurricanes_climate_change\\1-s2.0-S0143622810000597-main.pdf:PDF},
  Publisher                = {Elsevier}
}

@Article{fritz2007hurricane,
  Title                    = {Hurricane Katrina storm surge distribution and field observations on the Mississippi Barrier Islands},
  Author                   = {Fritz, Hermann M and Blount, Chris and Sokoloski, Robert and Singleton, Justin and Fuggle, Andrew and McAdoo, Brian G and Moore, Andrew and Grass, Chad and Tate, Banks},
  Journal                  = {Estuarine, Coastal and Shelf Science},
  Year                     = {2007},
  Number                   = {1},
  Pages                    = {12--20},
  Volume                   = {74},
  File                     = {Katrina_storm_surge_Fritz2007:\\\\icnas1.cc.ic.ac.uk\\acc215\\Documents\\Review_Hurricanes_climate_change\\1-s2.0-S0272771407000868-main.pdf:PDF},
  Keywords                 = {3},
  Publisher                = {Elsevier}
}

@Article{galarneau2013diagnosing,
  Title                    = {Diagnosing forecast errors in tropical cyclone motion},
  Author                   = {Galarneau Jr, Thomas J and Davis, Christopher A},
  Journal                  = {Monthly Weather Review},
  Year                     = {2013},
  Number                   = {2},
  Pages                    = {405--430},
  Volume                   = {141},
  File                     = {Galarneau_forecast_errors_motion:mwr-d-12-00071%2E1.pdf:PDF},
  Keywords                 = {5}
}

@Article{garner2015relationship,
  Title                    = {The relationship between hurricane potential intensity and CAPE},
  Author                   = {Garner, Stephen},
  Journal                  = {Journal of the Atmospheric Sciences},
  Year                     = {2015},
  Number                   = {1},
  Pages                    = {141--163},
  Volume                   = {72},
  Keywords                 = {2},
  Owner                    = {acc215},
  Timestamp                = {2015.11.12}
}

@Article{gentry2010sensitivity,
  Title                    = {Sensitivity of simulated tropical cyclone structure and intensity to horizontal resolution},
  Author                   = {Gentry, Megan S and Lackmann, Gary M},
  Journal                  = {Monthly Weather Review},
  Year                     = {2010},
  Number                   = {3},
  Pages                    = {688--704},
  Volume                   = {138},
  Keywords                 = {3}
}

@Article{ginis2002tropical,
  Title                    = {Tropical cyclone-ocean interactions},
  Author                   = {Ginis, Isaac},
  Journal                  = {ADVANCES IN FLUID MECHANICS},
  Year                     = {2002},
  Pages                    = {83--114},
  Volume                   = {33},
  File                     = {Ginis_cyclone-ocean_interactions:H\:\\Documents\\China_MO\\References\\Ginnis-Tropical_Cyclone_Ocean_Interactions-AOIAdvFluidM-WITPress2002.pdf:PDF},
  Keywords                 = {6},
  Owner                    = {acc215},
  Publisher                = {COMPUTATIONAL MECHANICS PUBLICATIONS-WIT PRESS},
  Timestamp                = {2015.11.12}
}

@PhdThesis{glinton2013role,
  Title                    = {The role of conditional symmetric instability in numerical weather prediction},
  Author                   = {Glinton, Michael},
  School                   = {University of Reading},
  Year                     = {2013},
  File                     = {Glinton2013_thesis:\\\\icnas1.cc.ic.ac.uk\\acc215\\Documents\\China_MO\\References\\Michael_glinton_thesis.pdf:PDF}
}

@Article{goerss2000tropical,
  Title                    = {Tropical cyclone track forecasts using an ensemble of dynamical models},
  Author                   = {Goerss, James S},
  Journal                  = {Monthly Weather Review},
  Year                     = {2000},
  Number                   = {4},
  Pages                    = {1187--1193},
  Volume                   = {128},
  File                     = {Goerss2000_track_skill:\\\\icnas1.cc.ic.ac.uk\\acc215\\Documents\\China_MO\\References\\1520-0493%282000%29128-1187%3Atctfua-2%2E0%2Eco%3B2.pdf:PDF},
  Keywords                 = {7}
}

@Article{goerss2004history,
  Title                    = {A history of western North Pacific tropical cyclone track forecast skill},
  Author                   = {Goerss, James S and Sampson, Charles R and Gross, James M},
  Journal                  = {Weather and forecasting},
  Year                     = {2004},
  Number                   = {3},
  Pages                    = {633--638},
  Volume                   = {19},
  File                     = {Goerss2004_history_skill:\\\\icnas1.cc.ic.ac.uk\\acc215\\Documents\\China_MO\\References\\1520-0434%282004%29019-0633%3Aahownp-2%2E0%2Eco%3B2.pdf:PDF},
  Keywords                 = {7}
}

@Electronic{goescarnot,
  Author                   = {GOES.gov},
  URL                      = {http://www.goes-r.gov/users/comet/tropical/textbook_2nd_edition/navmenu.php_tab_9_page_4.1.2.htm}
}

@Article{goldenberg20152012,
  Title                    = {The 2012 Triply-Nested, High-Resolution Operational Version of the Hurricane Weather Research and Forecasting System (HWRF): Track and Intensity Forecast Verifications},
  Author                   = {Goldenberg, Stanley B and Gopalakrishnan, Sundararaman G and Tallapragada, Vijay and Quirino, Thiago and Marks Jr, Frank and Trahan, Samuel and Zhang, Xuejin and Atlas, Robert},
  Journal                  = {Weather and Forecasting},
  Year                     = {2015},
  Number                   = {2015},
  Keywords                 = {6},
  Owner                    = {acc215},
  Timestamp                = {2015.11.12}
}

@Article{goni2003ocean,
  Title                    = {Ocean thermal structure monitoring could aid in the intensity forecast of tropical cyclones},
  Author                   = {Goni, Gustavo J and Trinanes, Joaquin A},
  Journal                  = {Eos, Transactions American Geophysical Union},
  Year                     = {2003},
  Number                   = {51},
  Pages                    = {573--578},
  Volume                   = {84},
  File                     = {Goni2003_ocean_intensity:\\\\icnas1.cc.ic.ac.uk\\acc215\\Documents\\China_MO\\References\\Goni_et_al-2003-Eos,_Transactions_American_Geophysical_Union.pdf:PDF},
  Keywords                 = {7},
  Publisher                = {Wiley Online Library}
}

@Article{goni2007tropical,
  Title                    = {Tropical cyclone heat potential},
  Author                   = {Goni, GJ and Knaff, J},
  Journal                  = {State of the Climate in},
  Year                     = {2007},
  Pages                    = {43--45}
}

@Article{gray1984atlantic,
  Title                    = {Atlantic seasonal hurricane frequency. Part II: Forecasting its variability},
  Author                   = {Gray, William M},
  Journal                  = {Monthly Weather Review},
  Year                     = {1984},
  Number                   = {9},
  Pages                    = {1669--1683},
  Volume                   = {112},
  Keywords                 = {1},
  Owner                    = {acc215},
  Timestamp                = {2015.11.12}
}

@Article{GRL:GRL52891,
  Title                    = {Impact of the dynamical core on the direct simulation of tropical cyclones in a high-resolution global model},
  Author                   = {Reed, K. A. and Bacmeister, J. T. and Rosenbloom, N. A. and Wehner, M. F. and Bates, S. C. and Lauritzen, P. H. and Truesdale, J. E. and Hannay, C.},
  Journal                  = {Geophysical Research Letters},
  Year                     = {2015},
  Note                     = {2015GL063974},
  Number                   = {9},
  Pages                    = {3603--3608},
  Volume                   = {42},
  DOI                      = {10.1002/2015GL063974},
  ISSN                     = {1944-8007},
  Keywords                 = {Global climate models, Tropical dynamics, dynamical core, global model, tropical cyclone},
  Owner                    = {acc215},
  Publisher                = {Wiley Online Library},
  Timestamp                = {2015.11.12},
  URL                      = {http://dx.doi.org/10.1002/2015GL063974}
}

@Book{grossi2005catastrophe,
  Title                    = {Catastrophe modeling: a new approach to managing risk},
  Author                   = {Grossi, Patricia and Kunreuther, Howard},
  Publisher                = {Springer Science \& Business Media},
  Year                     = {2005},
  Volume                   = {25}
}

@Electronic{gsnasa,
  Title                    = {Currents},
  Author                   = {NASA},
  URL                      = {https://science.nasa.gov/earth-science/oceanography/physical-ocean/currents},
  Year                     = {2017}
}

@Article{hall2005statistical,
  Title                    = {Statistical modelling of tropical cyclone tracks: non-normal innovations},
  Author                   = {Hall, Tim and Jewson, Stephen},
  Journal                  = {arXiv preprint physics/0512135},
  Year                     = {2005},
  Keywords                 = {6},
  Owner                    = {acc215},
  Timestamp                = {2015.12.07}
}

@Article{hall2007statistical,
  Title                    = {Statistical modelling of North Atlantic tropical cyclone tracks},
  Author                   = {Hall, Timothy M and Jewson, Stephen},
  Journal                  = {Tellus A},
  Year                     = {2007},
  Number                   = {4},
  Pages                    = {486--498},
  Volume                   = {59},
  Publisher                = {Wiley Online Library}
}

@Article{hallegatte2007use,
  Title                    = {The use of synthetic hurricane tracks in risk analysis and climate change damage assessment},
  Author                   = {Hallegatte, Stephane},
  Journal                  = {Journal of applied meteorology and climatology},
  Year                     = {2007},
  Number                   = {11},
  Pages                    = {1956--1966},
  Volume                   = {46}
}

@Article{harper2010guidelines,
  Title                    = {Guidelines for converting between various wind averaging periods in tropical cyclone conditions},
  Author                   = {Harper, BA and Kepert, JD and Ginger, JD},
  Journal                  = {World Meteorological Organization, WMO/TD},
  Year                     = {2010},
  Volume                   = {1555},
  Date-added               = {2015-09-02 13:52:38 +0000},
  Date-modified            = {2015-09-02 13:52:38 +0000},
  Keywords                 = {6},
  Owner                    = {acc215},
  Timestamp                = {2015.12.07}
}

@Article{harr1995large,
  Title                    = {Large-scale circulation variability over the tropical western North Pacific. Part I: Spatial patterns and tropical cyclone characteristics},
  Author                   = {Harr, Patrick A and Elsberry, Russell L},
  Journal                  = {Monthly weather review},
  Year                     = {1995},
  Number                   = {5},
  Pages                    = {1225--1246},
  Volume                   = {123},
  File                     = {Harr_circulation_WPAC:1520-0493%281995%29123-1225%3Alscvot-2%2E0%2Eco%3B2.pdf:PDF},
  Keywords                 = {5}
}

@Article{hatsushika2006impact,
  Title                    = {Impact of wind profile retrievals on the analysis of tropical cyclones in the JRA-25 reanalysis},
  Author                   = {Hatsushika, Hiroaki and Tsutsui, Junichi and Fiorino, Michael and Onogi, Kazutoshi},
  Journal                  = {気象集誌. 第 2 輯},
  Year                     = {2006},
  Number                   = {5},
  Pages                    = {891--905},
  Volume                   = {84},
  Date-added               = {2015-09-02 13:53:13 +0000},
  Date-modified            = {2015-09-02 13:53:13 +0000},
  Publisher                = {Meteorological Society of Japan}
}

@Article{hill2011impact,
  Title                    = {The impact of future climate change on TC intensity and structure: A downscaling approach},
  Author                   = {Hill, Kevin A and Lackmann, Gary M},
  Journal                  = {Journal of Climate},
  Year                     = {2011},
  Number                   = {17},
  Pages                    = {4644--4661},
  Volume                   = {24}
}

@Article{HironoriFudeyasu:178,
  Title                    = {A Global View of the Landfall Characteristics of Tropical Cyclones},
  Author                   = {Hironori Fudeyasu, Shun Hirose, Hiroaki Yoshioka, Rie Kumazawa, Shota Yamasaki},
  Journal                  = {Tropical Cyclone Research and Review},
  Year                     = {2014},
  Number                   = {3},
  Pages                    = {178},
  Volume                   = {3},
  DOI                      = {10.6057/2014TCRR03.04},
  Eid                      = {178},
  Keywords                 = {<p>landfall; climatology of landfall characteristics; ranking of TC landfall country</p> 7},
  Numpages                 = {14},
  Publisher                = {Tropical Cyclone Research and Review},
  URL                      = {http://tcrr.typhoon.gov.cn/EN/abstract/article_84.shtml}
}

@Article{hodges1994general,
  Title                    = {A general-method for tracking analysis and its application to meteorological data},
  Author                   = {Hodges, KI and others},
  Journal                  = {Monthly Weather Review},
  Year                     = {1994},
  Number                   = {11},
  Pages                    = {2573--2586},
  Volume                   = {122},
  Date-added               = {2015-09-02 13:50:07 +0000},
  Date-modified            = {2015-09-02 13:50:07 +0000},
  Publisher                = {American Meteorological Society}
}

@Article{hodges1995feature,
  Title                    = {Feature tracking on the unit sphere},
  Author                   = {Hodges, KI},
  Journal                  = {Monthly Weather Review},
  Year                     = {1995},
  Number                   = {12},
  Pages                    = {3458--3465},
  Volume                   = {123},
  Date-added               = {2015-09-02 13:49:57 +0000},
  Date-modified            = {2015-09-02 13:49:57 +0000}
}

@Article{hodges1999adaptive,
  Title                    = {Adaptive constraints for feature tracking},
  Author                   = {Hodges, KI},
  Journal                  = {Monthly Weather Review},
  Year                     = {1999},
  Number                   = {6},
  Pages                    = {1362--1373},
  Volume                   = {127},
  Date-added               = {2015-09-02 13:50:18 +0000},
  Date-modified            = {2015-09-02 13:50:18 +0000}
}

@Article{hodges2003comparison,
  Title                    = {A comparison of recent reanalysis datasets using objective feature tracking: Storm tracks and tropical easterly waves},
  Author                   = {Hodges, Kevin Ivan and Hoskins, Brian John and Boyle, J and Thorncroft, C},
  Journal                  = {Monthly Weather Review},
  Year                     = {2003},
  Number                   = {9},
  Pages                    = {2012--2037},
  Volume                   = {131},
  Date-added               = {2015-09-02 13:50:34 +0000},
  Date-modified            = {2015-09-02 13:50:34 +0000}
}

@Article{hodges2011comparison,
  Title                    = {A comparison of extratropical cyclones in recent reanalyses ERA-Interim, NASA MERRA, NCEP CFSR, and JRA-25},
  Author                   = {Hodges, Kevin I and Lee, RW and Bengtsson, Lennart},
  Journal                  = {Journal of Climate},
  Year                     = {2011},
  Number                   = {18},
  Pages                    = {4888--4906},
  Volume                   = {24},
  Date-added               = {2015-09-13 19:15:10 +0000},
  Date-modified            = {2015-09-13 19:15:10 +0000}
}

@Article{holland1980analytic,
  Title                    = {An analytic model of the wind and pressure profiles in hurricanes},
  Author                   = {Holland, Greg J},
  Journal                  = {Monthly weather review},
  Year                     = {1980},
  Number                   = {8},
  Pages                    = {1212--1218},
  Volume                   = {108}
}

@Article{holland1997maximum,
  Title                    = {The maximum potential intensity of tropical cyclones},
  Author                   = {Holland, Greg J},
  Journal                  = {Journal of the atmospheric sciences},
  Year                     = {1997},
  Number                   = {21},
  Pages                    = {2519--2541},
  Volume                   = {54}
}

@Article{holland2010revised,
  Title                    = {A revised model for radial profiles of hurricane winds},
  Author                   = {Holland, Greg J and Belanger, James I and Fritz, Angela},
  Journal                  = {Monthly Weather Review},
  Year                     = {2010},
  Number                   = {12},
  Pages                    = {4393--4401},
  Volume                   = {138}
}

@Article{hong2015dynamical,
  Title                    = {A Dynamical-Statistical Forecasting Model of the Western Pacific Subtropical High Area Index Based on an Improved Self-Memorization Principle},
  Author                   = {Hong, Mei and Zhang, Ren and Wang, Dong and Wang, Min and Liu, Kefeng and Singh, Vijay P},
  Journal                  = {Monthly Weather Review},
  Year                     = {2015},
  Number                   = {11},
  Pages                    = {4561},
  Volume                   = {143},
  Keywords                 = {4},
  Publisher                = {American Meteorological Society}
}

@Article{horn2014tracking,
  Title                    = {Tracking scheme dependence of simulated tropical cyclone response to idealized climate simulations},
  Author                   = {Horn, Michael and Walsh, Kevin and Zhao, Ming and Camargo, Suzana J and Scoccimarro, Enrico and Murakami, Hiroyuki and Wang, Hui and Ballinger, Andrew and Kumar, Arun and Shaevitz, Daniel A and others},
  Journal                  = {Journal of Climate},
  Year                     = {2014},
  Number                   = {24},
  Pages                    = {9197--9213},
  Volume                   = {27},
  Date-added               = {2015-09-03 09:09:42 +0000},
  Date-modified            = {2015-09-03 09:09:42 +0000}
}

@Article{hoskins1990existence,
  Title                    = {On the existence of storm-tracks},
  Author                   = {Hoskins, Brian J and Valdes, Paul J},
  Journal                  = {Journal of the atmospheric sciences},
  Year                     = {1990},
  Number                   = {15},
  Pages                    = {1854--1864},
  Volume                   = {47}
}

@Article{hoskins1991towards,
  Title                    = {Towards a PV-$\theta$ view of the general circulation},
  Author                   = {Hoskins, Brian J},
  Journal                  = {Tellus A: Dynamic Meteorology and Oceanography},
  Year                     = {1991},
  Number                   = {4},
  Pages                    = {27--36},
  Volume                   = {43},
  File                     = {Hoskins1991_PV:\\\\icnas1.cc.ic.ac.uk\\acc215\\Documents\\China_MO\\References\\Hoskins_Tellus91.pdf:PDF},
  Publisher                = {Taylor \& Francis}
}

@Article{houston1999comparisons,
  Title                    = {Comparisons of HRD and SLOSH surface wind fields in hurricanes: Implications for storm surge modeling},
  Author                   = {Houston, Samuel H and Shaffer, Wilson A and Powell, Mark D and Chen, Jye},
  Journal                  = {Weather and Forecasting},
  Year                     = {1999},
  Number                   = {5},
  Pages                    = {671--686},
  Volume                   = {14}
}

@Article{huang2015change,
  Title                    = {Change in ocean subsurface environment to suppress tropical cyclone intensification under global warming},
  Author                   = {Huang, Ping and Lin, I-I and Chou, Chia and Huang, Rong-Hui},
  Journal                  = {Nature communications},
  Year                     = {2015},
  Volume                   = {6},
  Keywords                 = {2},
  Owner                    = {acc215},
  Publisher                = {Nature Publishing Group},
  Timestamp                = {2015.11.12}
}

@Article{huang2015extended,
  Title                    = {Extended Reconstructed Sea Surface Temperature Version 4 (ERSST. v4). Part I: Upgrades and Intercomparisons},
  Author                   = {Huang, Boyin and Banzon, Viva F and Freeman, Eric and Lawrimore, Jay and Liu, Wei and Peterson, Thomas C and Smith, Thomas M and Thorne, Peter W and Woodruff, Scott D and Zhang, Huai-Min},
  Journal                  = {Journal of Climate},
  Year                     = {2015},
  Number                   = {3},
  Pages                    = {911--930},
  Volume                   = {28},
  File                     = {ERSST_PartI_Huang2015:jcli-d-14-00006%2E1.pdf:PDF},
  Keywords                 = {2},
  Owner                    = {acc215},
  Timestamp                = {2015.12.07}
}

@Electronic{hurricanehunter,
  Title                    = {Hurricane Hunter},
  URL                      = {weather.com/news/weather/news/typhoon-observation-western-pacific-recon-aircraft}
}

@Online{Institute,
  Title                    = {Catastrophes: U.S.},
  Author                   = {Insurance Information Institute},
  URL                      = {http://www.iii.org/fact-statistic/catastrophes-us}
}

@Article{ito2014forecasting,
  Title                    = {Forecasting a large number of tropical cyclone intensities around Japan using a high-resolution atmosphere-ocean coupled model},
  Author                   = {Ito, Kosuke and Kuroda, Tohru and Saito, Kazuo and Wada, Akiyoshi},
  Journal                  = {Weather and Forecasting},
  Year                     = {2014},
  Number                   = {2014},
  Keywords                 = {7},
  Owner                    = {acc215},
  Timestamp                = {2015.11.12}
}

@Article{james2005synthetic,
  Title                    = {Synthetic tropical cyclone database},
  Author                   = {James, MK and Mason, LB},
  Journal                  = {Journal of waterway, port, coastal, and ocean engineering},
  Year                     = {2005},
  Number                   = {4},
  Pages                    = {181--192},
  Volume                   = {131},
  Publisher                = {American Society of Civil Engineers}
}

@Article{jiang2010contribution,
  Title                    = {Contribution of tropical cyclones to the global precipitation from eight seasons of TRMM data: Regional, seasonal, and interannual variations},
  Author                   = {Jiang, Haiyan and Zipser, Edward J},
  Journal                  = {Journal of climate},
  Year                     = {2010},
  Number                   = {6},
  Pages                    = {1526--1543},
  Volume                   = {23},
  File                     = {Contribution_precipitation_TRMM_Jiang2010:2009jcli3303%2E1.pdf:PDF},
  Owner                    = {acc215},
  Timestamp                = {2015.12.07}
}

@Article{jiang2013convective,
  Title                    = {Convective and rainfall properties of tropical cyclone inner cores and rainbands from 11 years of TRMM data},
  Author                   = {Jiang, Haiyan and Ramirez, Ellen M and Cecil, Daniel J},
  Journal                  = {Monthly Weather Review},
  Year                     = {2013},
  Number                   = {2},
  Pages                    = {431--450},
  Volume                   = {141},
  File                     = {Convective_rainfall_TRMM_Jiang2013:mwr-d-11-00360%2E1.pdf:PDF},
  Keywords                 = {4},
  Owner                    = {acc215},
  Timestamp                = {2015.12.07}
}

@Article{kalnay1996ncep,
  Title                    = {The NCEP/NCAR 40-year reanalysis project},
  Author                   = {Kalnay, Eugenia and Kanamitsu, Masao and Kistler, Robert and Collins, William and Deaven, Dennis and Gandin, Lev and Iredell, Mark and Saha, Suranjana and White, Glenn and Woollen, John and others},
  Journal                  = {Bulletin of the American meteorological Society},
  Year                     = {1996},
  Number                   = {3},
  Pages                    = {437--471},
  Volume                   = {77},
  File                     = {NCEPNCAR_Kalnay1996:bams1996mar-bm.pdf:PDF},
  Keywords                 = {2},
  Owner                    = {acc215},
  Timestamp                = {2015.12.07}
}

@Article{kelly2010western,
  Title                    = {Western boundary currents and frontal air--sea interaction: Gulf Stream and Kuroshio Extension},
  Author                   = {Kelly, Kathryn A and Small, R Justin and Samelson, RM and Qiu, Bo and Joyce, Terrence M and Kwon, Young-Oh and Cronin, Meghan F},
  Journal                  = {Journal of Climate},
  Year                     = {2010},
  Number                   = {21},
  Pages                    = {5644--5667},
  Volume                   = {23},
  File                     = {Kelly2010_WBCs:\\\\icnas1.cc.ic.ac.uk\\acc215\\Documents\\China_MO\\References\\2010jcli3346%2E1.pdf:PDF}
}

@Article{KellySmallSamelsonEtAl2010,
  Title                    = {Western boundary currents and frontal air-sea interaction: Gulf Stream and Kuroshio Extension},
  Author                   = {Kelly, Kathryn A and Small, R Justin and Samelson, RM and Qiu, Bo and Joyce, Terrence M and Kwon, Young-Oh and Cronin, Meghan F},
  Journal                  = {Journal of Climate},
  Year                     = {2010},
  Number                   = {21},
  Pages                    = {5644--5667},
  Volume                   = {23}
}

@Article{kim2008systematic,
  Title                    = {Systematic variation of summertime tropical cyclone activity in the western North Pacific in relation to the Madden-Julian oscillation},
  Author                   = {Kim, Joo-Hong and Ho, Chang-Hoi and Kim, Hyeong-Seog and Sui, Chung-Hsiung and Park, Seon Ki},
  Journal                  = {Journal of Climate},
  Year                     = {2008},
  Number                   = {6},
  Pages                    = {1171--1191},
  Volume                   = {21},
  Keywords                 = {7}
}

@Article{kim2015climatological,
  Title                    = {Climatological features of WRF-simulated tropical cyclones over the western North Pacific},
  Author                   = {Kim, Dasol and Jin, Chun-Sil and Ho, Chang-Hoi and Kim, Jinwon and Kim, Joo-Hong},
  Journal                  = {Climate Dynamics},
  Year                     = {2015},
  Number                   = {11-12},
  Pages                    = {3223--3235},
  Volume                   = {44},
  Keywords                 = {4},
  Publisher                = {Springer}
}

@InProceedings{king2013financing,
  Title                    = {Financing Natural Catastrophe Exposure: Issues and Options for Improving Risk Transfer Markets},
  Author                   = {King, Rawle O},
  Year                     = {2013},
  Organization             = {Congressional Research Service, Library of Congress},
  Date-added               = {2015-09-02 13:44:36 +0000},
  Date-modified            = {2015-09-02 13:44:36 +0000}
}

@Article{klotzbach2004updated,
  Title                    = {Updated 6-11-month prediction of Atlantic basin seasonal hurricane activity},
  Author                   = {Klotzbach, Philip J and Gray, William M},
  Journal                  = {Weather and forecasting},
  Year                     = {2004},
  Number                   = {5},
  Pages                    = {917--934},
  Volume                   = {19},
  Keywords                 = {1},
  Owner                    = {acc215},
  Timestamp                = {2015.11.12}
}

@Article{knaff2010evaluation,
  Title                    = {An evaluation of Dvorak technique-based tropical cyclone intensity estimates},
  Author                   = {Knaff, John A and Brown, Daniel P and Courtney, Joe and Gallina, Gregory M and Beven, John L},
  Journal                  = {Weather and Forecasting},
  Year                     = {2010},
  Number                   = {5},
  Pages                    = {1362--1379},
  Volume                   = {25},
  Keywords                 = {6},
  Owner                    = {acc215},
  Timestamp                = {2015.12.07}
}

@Article{knaff2015after,
  Title                    = {After a Decade Are Atlantic Tropical Cyclone Gale Force Wind Radii Forecasts Now Skillful?},
  Author                   = {Knaff, John A and Sampson, Charles R},
  Journal                  = {Weather and Forecasting},
  Year                     = {2015},
  Number                   = {2015},
  Keywords                 = {6},
  Owner                    = {acc215},
  Timestamp                = {2015.11.11}
}

@Article{knapp2010international,
  Title                    = {The international best track archive for climate stewardship (IBTrACS) unifying tropical cyclone data},
  Author                   = {Knapp, Kenneth R and Kruk, Michael C and Levinson, David H and Diamond, Howard J and Neumann, Charles J},
  Journal                  = {Bulletin of the American Meteorological Society},
  Year                     = {2010},
  Number                   = {3},
  Pages                    = {363--376},
  Volume                   = {91},
  Date-added               = {2015-09-02 13:43:43 +0000},
  Date-modified            = {2015-09-02 13:43:43 +0000},
  File                     = {IBTrACS_Knapp2010:2009jpo4224%2E1.pdf:PDF},
  Keywords                 = {2},
  Owner                    = {acc215},
  Timestamp                = {2015.12.07}
}

@Article{knapp2013pressure,
  Title                    = {A pressure-based analysis of the historical western North Pacific tropical cyclone intensity record},
  Author                   = {Knapp, Kenneth R and Knaff, John A and Sampson, Charles R and Riggio, Gustavo M and Schnapp, Adam D},
  Journal                  = {Monthly Weather Review},
  Year                     = {2013},
  Number                   = {8},
  Pages                    = {2611--2631},
  Volume                   = {141}
}

@Article{knutson2004impact,
  Title                    = {Impact of CO2-induced warming on simulated hurricane intensity and precipitation: Sensitivity to the choice of climate model and convective parameterization},
  Author                   = {Knutson, Thomas R and Tuleya, Robert E},
  Journal                  = {Journal of Climate},
  Year                     = {2004},
  Number                   = {18},
  Pages                    = {3477--3495},
  Volume                   = {17},
  Keywords                 = {4}
}

@Article{knutson2007simulation,
  Title                    = {Simulation of the recent multidecadal increase of Atlantic hurricane activity using an 18-km-grid regional model},
  Author                   = {Knutson, Thomas R and Sirutis, Joseph J and Garner, Stephen T and Held, Isaac M and Tuleya, Robert E},
  Journal                  = {Bulletin of the American Meteorological Society},
  Year                     = {2007},
  Number                   = {10},
  Pages                    = {1549--1565},
  Volume                   = {88}
}

@Article{knutson2010tropical,
  Title                    = {Tropical cyclones and climate change},
  Author                   = {Knutson, Thomas R and McBride, John L and Chan, Johnny and Emanuel, Kerry and Holland, Greg and Landsea, Chris and Held, Isaac and Kossin, James P and Srivastava, AK and Sugi, Masato},
  Journal                  = {Nature Geoscience},
  Year                     = {2010},
  Number                   = {3},
  Pages                    = {157--163},
  Volume                   = {3},
  Keywords                 = {4},
  Publisher                = {Nature Publishing Group}
}

@Article{knutson2013dynamical,
  Title                    = {Dynamical downscaling projections of twenty-first-century Atlantic hurricane activity: CMIP3 and CMIP5 model-based scenarios},
  Author                   = {Knutson, Thomas R and Sirutis, Joseph J and Vecchi, Gabriel A and Garner, Stephen and Zhao, Ming and Kim, Hyeong-Seog and Bender, Morris and Tuleya, Robert E and Held, Isaac M and Villarini, Gabriele},
  Journal                  = {Journal of Climate},
  Year                     = {2013},
  Number                   = {17},
  Pages                    = {6591--6617},
  Volume                   = {26}
}

@Article{kobayashi2015jra,
  Title                    = {The JRA-55 reanalysis: General specifications and basic characteristics},
  Author                   = {Kobayashi, Shinya and Ota, Yukinari and Harada, Yayoi and Ebita, Ayataka and Moriya, Masami and Onoda, Hirokatsu and Onogi, Kazutoshi and Kamahori, Hirotaka and Kobayashi, Chiaki and Endo, Hirokazu and others},
  Journal                  = {Journal of the Meteorological Society of Japan. Ser. II Vol. 93 (2015) No. 1 p. 5-48},
  Year                     = {2015},
  Number                   = {1},
  Pages                    = {5--48},
  Volume                   = {93},
  Publisher                = {Meteorological Society of Japan}
}

@Article{kossin2014poleward,
  Title                    = {The poleward migration of the location of tropical cyclone maximum intensity},
  Author                   = {Kossin, James P and Emanuel, Kerry A and Vecchi, Gabriel A},
  Journal                  = {Nature},
  Year                     = {2014},
  Number                   = {7500},
  Pages                    = {349--352},
  Volume                   = {509},
  Publisher                = {Nature Publishing Group}
}

@Electronic{kuroshio,
  Title                    = {Global ocean currents},
  Author                   = {CIMSS},
  URL                      = {cimss.ssec.wisc.edu/sage/oceanography/lesson3/images/ocean_currents2.jpg}
}

@Article{kwon2010role,
  Title                    = {Role of the Gulf Stream and Kuroshio--Oyashio systems in large-scale atmosphere--ocean interaction: A review},
  Author                   = {Kwon, Young-Oh and Alexander, Michael A and Bond, Nicholas A and Frankignoul, Claude and Nakamura, Hisashi and Qiu, Bo and Thompson, Lu Anne},
  Journal                  = {Journal of Climate},
  Year                     = {2010},
  Number                   = {12},
  Pages                    = {3249--3281},
  Volume                   = {23},
  File                     = {Kwon2010_Gulf_Stream_Kuroshio:\\\\icnas1.cc.ic.ac.uk\\acc215\\Documents\\China_MO\\References\\2010jcli3343%2E1.pdf:PDF}
}

@Article{KwonAlexanderBondEtAl2010,
  Title                    = {Role of the Gulf Stream and Kuroshio-Oyashio systems in large-scale atmosphere-ocean interaction: A review},
  Author                   = {Kwon, Young-Oh and Alexander, Michael A and Bond, Nicholas A and Frankignoul, Claude and Nakamura, Hisashi and Qiu, Bo and Thompson, Lu Anne},
  Journal                  = {Journal of Climate},
  Year                     = {2010},
  Number                   = {12},
  Pages                    = {3249--3281},
  Volume                   = {23}
}

@Article{lagmay2015devastating,
  Title                    = {Devastating storm surges of Typhoon Haiyan},
  Author                   = {Lagmay, Alfredo Mahar Francisco and Agaton, Rojelee P and Bahala, Mark Allen C and Briones, Jo Brianne Louise T and Cabacaba, Krichi May C and Caro, Carl Vincent C and Dasallas, Lea L and Gonzalo, Lia Anne L and Ladiero, Christine N and Lapidez, John Phillip and others},
  Journal                  = {International journal of disaster risk reduction},
  Year                     = {2015},
  Pages                    = {1--12},
  Volume                   = {11},
  Publisher                = {Elsevier}
}

@Article{lander1994exploratory,
  Title                    = {An exploratory analysis of the relationship between tropical storm formation in the western North Pacific and ENSO},
  Author                   = {Lander, Mark A},
  Journal                  = {Monthly Weather Review},
  Year                     = {1994},
  Number                   = {4},
  Pages                    = {636--651},
  Volume                   = {122},
  File                     = {Lander1994_exploratory_analysis:H\:\\Documents\\China_MO\\References\\1520-0493%281994%29122-0636%3Aaeaotr-2%2E0%2Eco%3B2.pdf:PDF},
  Keywords                 = {2},
  Owner                    = {acc215},
  Timestamp                = {2015.10.12}
}

@Article{lander1996specific,
  Title                    = {Specific tropical cyclone track types and unusual tropical cyclone motions associated with a reverse-oriented monsoon trough in the western North Pacific},
  Author                   = {Lander, Mark A},
  Journal                  = {Weather and Forecasting},
  Year                     = {1996},
  Number                   = {2},
  Pages                    = {170--186},
  Volume                   = {11},
  File                     = {Lander_track_types_monsoon_WPAC:1520-0434%281996%29011-0170%3Astctta-2%2E0%2Eco%3B2.pdf:PDF},
  Keywords                 = {5}
}

@Article{landsea2000climate,
  Title                    = {Climate variability of tropical cyclones: past, present and future},
  Author                   = {Landsea, Christopher W},
  Journal                  = {Storms. Routledge, New York},
  Year                     = {2000},
  Pages                    = {220--241}
}

@Article{landsea2004atlantic,
  Title                    = {The Atlantic hurricane database re-analysis project: Documentation for the 1851--1910 alterations and additions to the HURDAT database},
  Author                   = {Landsea, Christopher W and Anderson, Craig and Charles, Noel and Clark, Gilbert and Dunion, Jason and Fernandez-Partagas, Jose and Hungerford, Paul and Neumann, Charlie and Zimmer, Mark},
  Journal                  = {Hurricanes and Typhoons: Past, Present and Future},
  Year                     = {2004},
  Pages                    = {177--221},
  Publisher                = {Columbia University Press New York, NY}
}

@Article{landsea2007counting,
  Title                    = {Counting Atlantic tropical cyclones back to 1900},
  Author                   = {Landsea, Christopher},
  Journal                  = {Eos, Transactions American Geophysical Union},
  Year                     = {2007},
  Number                   = {18},
  Pages                    = {197--202},
  Volume                   = {88},
  Date-added               = {2015-09-02 13:46:47 +0000},
  Date-modified            = {2015-09-02 13:46:47 +0000},
  Keywords                 = {6},
  Owner                    = {acc215},
  Publisher                = {Wiley Online Library},
  Timestamp                = {2015.12.07}
}

@Article{landsea2010impact,
  Title                    = {Impact of Duration Thresholds on Atlantic Tropical Cyclone Counts*},
  Author                   = {Landsea, Christopher W and Vecchi, Gabriel A and Bengtsson, Lennart and Knutson, Thomas R},
  Journal                  = {Journal of Climate},
  Year                     = {2010},
  Number                   = {10},
  Pages                    = {2508--2519},
  Volume                   = {23},
  Date-added               = {2015-09-13 18:47:34 +0000},
  Date-modified            = {2015-09-13 18:47:34 +0000}
}

@Article{landsea2013atlantic,
  Title                    = {Atlantic hurricane database uncertainty and presentation of a new database format},
  Author                   = {Landsea, Christopher W and Franklin, James L},
  Journal                  = {Monthly Weather Review},
  Year                     = {2013},
  Number                   = {10},
  Pages                    = {3576--3592},
  Volume                   = {141},
  Date-added               = {2015-09-07 14:50:22 +0000},
  Date-modified            = {2015-09-07 14:50:22 +0000}
}

@Article{langousis2009theoretical,
  Title                    = {Theoretical model of rainfall in tropical cyclones for the assessment of long-term risk},
  Author                   = {Langousis, Andreas and Veneziano, Daniele},
  Journal                  = {Journal of Geophysical Research: Atmospheres (1984--2012)},
  Year                     = {2009},
  Number                   = {D2},
  Volume                   = {114},
  Publisher                = {Wiley Online Library}
}

@InProceedings{laroche2005evaluation,
  Title                    = {Evaluation of the operational 4D-Var at the Meteorological Service of Canada},
  Author                   = {Laroche, S and Gauthier, P and Tanguay, M and Pellerin, S and Morneau, J and Koclas, P and Ek, N},
  Booktitle                = {Preprint of the 21st Conference on Numerical Weather Prediction},
  Year                     = {2005},
  Number                   = {5},
  Volume                   = {1},
  Keywords                 = {6},
  Owner                    = {acc215},
  Timestamp                = {2015.12.07}
}

@Article{lee2012multi,
  Title                    = {Multi-decadal variations of ENSO, the Pacific Decadal Oscillation and tropical cyclones in the western North Pacific},
  Author                   = {Lee, Han Soo and Yamashita, Takao and Mishima, Toyoaki},
  Journal                  = {Progress in Oceanography},
  Year                     = {2012},
  Pages                    = {67--80},
  Volume                   = {105},
  File                     = {Lee2012_PDO:\\\\icnas1.cc.ic.ac.uk\\acc215\\Documents\\China_MO\\References\\1-s2.0-S0079661112000420-main.pdf:PDF},
  Keywords                 = {7},
  Publisher                = {Elsevier}
}

@Article{lee2015probabilistic,
  Title                    = {Probabilistic Multiple Linear Regression Modeling for Tropical Cyclone Intensity},
  Author                   = {Lee, Chia-Ying and Tippett, Michael K and Camargo, Suzana J and Sobel, Adam H},
  Journal                  = {Monthly Weather Review},
  Year                     = {2015},
  Number                   = {3},
  Pages                    = {933--954},
  Volume                   = {143},
  File                     = {Lee2015_regression_tc_intensity:\\\\icnas1.cc.ic.ac.uk\\acc215\\Documents\\China_MO\\References\\MWR-D-14-00171.pdf:PDF},
  Keywords                 = {7}
}

@Article{levine2015baroclinic,
  Title                    = {Baroclinic eddies and the extent of the Hadley circulation: An idealized GCM study},
  Author                   = {Levine, Xavier J and Schneider, Tapio},
  Journal                  = {Journal of the Atmospheric Sciences},
  Year                     = {2015},
  Number                   = {2015},
  Keywords                 = {2},
  Owner                    = {acc215},
  Timestamp                = {2015.11.11}
}

@Article{li2003theory,
  Title                    = {A theory for the Indian ocean dipole-zonal mode*},
  Author                   = {Li, Tim and Wang, Bin and Chang, CP and Zhang, Yongsheng},
  Journal                  = {Journal of the Atmospheric Sciences},
  Year                     = {2003},
  Number                   = {17},
  Pages                    = {2119--2135},
  Volume                   = {60},
  File                     = {Li_Indian_ocean_dipole_2003:1520-0469%282003%29060-2119%3Aatftio-2%2E0%2Eco%3B2.pdf:PDF},
  Keywords                 = {5}
}

@Article{li2005review,
  Title                    = {A review on the western North Pacific monsoon: Synoptic-to-interannual variabilities},
  Author                   = {Li, Tim and Wang, Bin},
  Journal                  = {Terrestrial, Atmospheric and Oceanic Sciences},
  Year                     = {2005},
  Number                   = {2},
  Pages                    = {285--314},
  Volume                   = {16},
  File                     = {Li2005_review_WNPAC_monsoon:H\:\\Documents\\China_MO\\References\\2005lw.pdf:PDF},
  Keywords                 = {2},
  Owner                    = {acc215},
  Publisher                = {??????????},
  Timestamp                = {2015.10.15}
}

@Article{li2014impacts,
  Title                    = {Impacts of nonbreaking wave-stirring-induced mixing on the upper ocean thermal structure and typhoon intensity in the South China Sea},
  Author                   = {Li, Yineng and Peng, Shiqiu and Wang, Jia and Yan, Jing},
  Journal                  = {Journal of Geophysical Research: Oceans},
  Year                     = {2014},
  Number                   = {8},
  Pages                    = {5052--5070},
  Volume                   = {119},
  File                     = {Li2014_impacts_of_nonbreaking:Li_et_al-2014-Journal_of_Geophysical_Research-_Oceans.pdf:PDF},
  Keywords                 = {1},
  Owner                    = {acc215},
  Publisher                = {Wiley Online Library},
  Timestamp                = {2015.10.08}
}

@Article{liebmann1994relationship,
  Title                    = {The relationship between tropical cyclones of the western Pacific and Indian Oceans and the Madden-Julian oscillation},
  Author                   = {Liebmann, Brant and Hendon, Harry H and Glick, John D},
  Journal                  = {Journal of the Meteorological Society of Japan},
  Year                     = {1994},
  Number                   = {3},
  Pages                    = {401--412},
  Volume                   = {72},
  Publisher                = {Meteorological Society of Japan}
}

@Article{lighthill,
  Title                    = {Climate Model Uncertainty},
  Author                   = {Lighthill Risk Network}
}

@Article{lin2008upper,
  Title                    = {Upper-ocean thermal structure and the western North Pacific category 5 typhoons. Part I: Ocean features and the category 5 typhoons' intensification},
  Author                   = {Lin, II and Wu, Chun-Chieh and Pun, Iam-Fei and Ko, Dong-Shan},
  Journal                  = {Monthly Weather Review},
  Year                     = {2008},
  Number                   = {9},
  Pages                    = {3288--3306},
  Volume                   = {136},
  File                     = {Lin2008_ocean_thermal:\\\\icnas1.cc.ic.ac.uk\\acc215\\Documents\\China_MO\\References\\2008mwr2277%2E1.pdf:PDF},
  Keywords                 = {7}
}

@Article{lin2009upper,
  Title                    = {Upper-ocean thermal structure and the western North Pacific category 5 typhoons. Part II: Dependence on translation speed},
  Author                   = {Lin, II and Pun, Iam-Fei and Wu, Chun-Chieh},
  Journal                  = {Monthly Weather Review},
  Year                     = {2009},
  Number                   = {11},
  Pages                    = {3744--3757},
  Volume                   = {137},
  File                     = {Lin2009_ocean_thermal_typhoons:\\\\icnas1.cc.ic.ac.uk\\acc215\\Documents\\China_MO\\References\\2009mwr2713%2E1.pdf:PDF},
  Keywords                 = {7}
}

@Article{lin2010modeling,
  Title                    = {Modeling extreme rainfall, winds, and surge from Hurricane Isabel (2003)},
  Author                   = {Lin, Ning and Smith, James A and Villarini, Gabriele and Marchok, Timothy P and Baeck, Mary Lynn},
  Journal                  = {Weather and Forecasting},
  Year                     = {2010},
  Number                   = {5},
  Pages                    = {1342--1361},
  Volume                   = {25},
  Keywords                 = {4}
}

@Article{lin2010risk,
  Title                    = {Risk assessment of hurricane storm surge for New York City},
  Author                   = {Lin, N and Emanuel, KA and Smith, JA and Vanmarcke, E},
  Journal                  = {Journal of Geophysical Research: Atmospheres (1984--2012)},
  Year                     = {2010},
  Number                   = {D18},
  Volume                   = {115},
  Publisher                = {Wiley Online Library}
}

@Article{lin2012physically,
  Title                    = {Physically based assessment of hurricane surge threat under climate change},
  Author                   = {Lin, Ning and Emanuel, Kerry and Oppenheimer, Michael and Vanmarcke, Erik},
  Journal                  = {Nature Climate Change},
  Year                     = {2012},
  Number                   = {6},
  Pages                    = {462--467},
  Volume                   = {2},
  File                     = {Physically_hurricane_surge_Lin2012:\\\\icnas1.cc.ic.ac.uk\\acc215\\Documents\\Review_Hurricanes_climate_change\\nclimate1389.pdf:PDF},
  Keywords                 = {4},
  Publisher                = {Nature Publishing Group}
}

@Article{lin2015recent,
  Title                    = {Recent decrease in typhoon destructive potential and global warming implications},
  Author                   = {Lin, II and Chan, Johnny CL},
  Journal                  = {Nature communications},
  Year                     = {2015},
  Volume                   = {6},
  File                     = {Decrease_destructive_Lin2015:ncomms8182.pdf:PDF},
  Keywords                 = {6},
  Owner                    = {acc215},
  Publisher                = {Nature Publishing Group},
  Timestamp                = {2015.12.07}
}

@Book{liu2000improvements,
  Title                    = {Improvements in hurricane initialization and forecasting at NCEP with global and regional (GFDL) models},
  Author                   = {Liu, Qingfu and Marchok, Tim and Pan, Hua-Lu and Bender, Morris and Lord, Stephen},
  Publisher                = {US Department of Commerce, National Oceanic and Atmospheric Administration, National Weather Service, Office of Meteorology, Science Division.},
  Year                     = {2000},
  Date-added               = {2015-09-03 09:12:24 +0000},
  Date-modified            = {2015-09-03 09:12:24 +0000}
}

@Article{liu2008interdecadal,
  Title                    = {Interdecadal variability of western North Pacific tropical cyclone tracks},
  Author                   = {Liu, Kin Sik and Chan, Johnny CL},
  Journal                  = {Journal of Climate},
  Year                     = {2008},
  Number                   = {17},
  Pages                    = {4464--4476},
  Volume                   = {21},
  File                     = {Liu_interdecadal_WPAC:2008jcli2207%2E1.pdf:PDF},
  Keywords                 = {5}
}

@Article{liu2015extended,
  Title                    = {Extended Reconstructed Sea Surface Temperature Version 4 (ERSST. v4): Part II. Parametric and Structural Uncertainty Estimations},
  Author                   = {Liu, Wei and Huang, Boyin and Thorne, Peter W and Banzon, Viva F and Zhang, Huai-Min and Freeman, Eric and Lawrimore, Jay and Peterson, Thomas C and Smith, Thomas M and Woodruff, Scott D},
  Journal                  = {Journal of Climate},
  Year                     = {2015},
  Number                   = {3},
  Pages                    = {931--951},
  Volume                   = {28},
  File                     = {ERSST_PartII_Liu2015:jcli-d-14-00007%2E1.pdf:PDF},
  Keywords                 = {2},
  Owner                    = {acc215},
  Timestamp                = {2015.12.07}
}

@Article{liu2015numerical,
  Title                    = {Numerical simulation of Typhoon Muifa (2011) using a Coupled Ocean-Atmosphere-Wave-Sediment Transport (COAWST) modeling system},
  Author                   = {Liu, Na and Ling, Tiejun and Wang, Hui and Zhang, Yunfei and Gao, Zhiyi and Wang, Yi},
  Journal                  = {Journal of Ocean University of China},
  Year                     = {2015},
  Number                   = {2},
  Pages                    = {199--209},
  Volume                   = {14},
  File                     = {Typhoon_Muifa_COAWST_Liu2015:H\:\\Documents\\China_MO\\References\\art%3A10.1007%2Fs11802-015-2415-5.pdf:PDF},
  Keywords                 = {6},
  Owner                    = {acc215},
  Publisher                = {Springer},
  Timestamp                = {2015.12.08}
}

@Misc{Lloyds2011,
  Title                    = {Managing the escalating risks of natural catastrophes in the United States},
  Author                   = {Lloyd's},
  Year                     = {2011}
}

@Misc{lloydscat2011,
  Title                    = {Managing the escalating risks of natural catastrophes in the United States},
  Author                   = {Lloyd's},
  Year                     = {2011}
}

@Article{lonfat2004precipitation,
  Title                    = {Precipitation distribution in tropical cyclones using the Tropical Rainfall Measuring Mission (TRMM) microwave imager: A global perspective},
  Author                   = {Lonfat, Manuel and Marks Jr, Frank D and Chen, Shuyi S},
  Journal                  = {Monthly Weather Review},
  Year                     = {2004},
  Number                   = {7},
  Pages                    = {1645--1660},
  Volume                   = {132},
  File                     = {Precipitation_TRMM_global_Lonfat2004:1520-0493%282004%29132-1645%3Apditcu-2%2E0%2Eco%3B2.pdf:PDF},
  Keywords                 = {4},
  Owner                    = {acc215},
  Timestamp                = {2015.12.07}
}

@Article{lonfat2007parametric,
  Title                    = {A parametric model for predicting hurricane rainfall},
  Author                   = {Lonfat, Manuel and Rogers, Robert and Marchok, Timothy and Marks Jr, Frank D},
  Journal                  = {Monthly Weather Review},
  Year                     = {2007},
  Number                   = {9},
  Pages                    = {3086--3097},
  Volume                   = {135}
}

@Article{lu2010seasonal,
  Title                    = {Seasonal prediction of tropical cyclone activity near Taiwan using the Bayesian multivariate regression method},
  Author                   = {Lu, Mong-Ming and Chu, Pao-Shin and Lin, Yun-Ching},
  Journal                  = {Weather and Forecasting},
  Year                     = {2010},
  Number                   = {6},
  Pages                    = {1780--1795},
  Volume                   = {25},
  File                     = {Seasonal_Bayesian_Taiwan_Lu2010:H\:\\Documents\\China_MO\\References\\2010waf2222408%2E1.pdf:PDF},
  Keywords                 = {7},
  Owner                    = {acc215},
  Timestamp                = {2015.12.07}
}

@Article{lu2013seasonal,
  Title                    = {Seasonal prediction of accumulated tropical cyclone kinetic energy around Taiwan and the sources of the predictability},
  Author                   = {Lu, Mong-Ming and Lee, Ching-Teng and Wang, Bin},
  Journal                  = {International Journal of Climatology},
  Year                     = {2013},
  Number                   = {13},
  Pages                    = {2846--2854},
  Volume                   = {33},
  File                     = {Lu_Seasonal_Taiwan_2013:Lu_et_al-2013-International_Journal_of_Climatology.pdf:PDF},
  Keywords                 = {7},
  Publisher                = {Wiley Online Library}
}

@Article{lupo2013global,
  Title                    = {Global Climate Models and Their Limitations},
  Author                   = {Lupo, Anthony and Kininmonth, William},
  Journal                  = {Climate Change Reconsidered II: Physical Science},
  Year                     = {2013},
  Keywords                 = {6},
  Publisher                = {Chicago, IL: The Heartland Institute}
}

@Article{maclachlan2014global,
  Title                    = {Global Seasonal forecast system version 5 (GloSea5): a high-resolution seasonal forecast system},
  Author                   = {MacLachlan, C and Arribas, A and Peterson, KA and Maidens, A and Fereday, D and Scaife, AA and Gordon, M and Vellinga, M and Williams, A and Comer, RE and others},
  Journal                  = {Quarterly Journal of the Royal Meteorological Society},
  Year                     = {2014},
  File                     = {MacLachlan2014_GloSea5:qj2396.pdf:PDF},
  Keywords                 = {2},
  Owner                    = {acc215},
  Publisher                = {Wiley Online Library},
  Timestamp                = {2015.10.08}
}

@Article{madec2015nemo,
  Title                    = {NEMO ocean engine},
  Author                   = {Madec, Gurvan and others},
  Year                     = {2015},
  Publisher                = {Institut Pierre-Simon Laplace}
}

@Article{manganello2012tropical,
  Title                    = {Tropical cyclone climatology in a 10-km global atmospheric GCM: Toward weather-resolving climate modeling},
  Author                   = {Manganello, Julia V and Hodges, Kevin I and Kinter III, James L and Cash, Benjamin A and Marx, Lawrence and Jung, Thomas and Achuthavarier, Deepthi and Adams, Jennifer M and Altshuler, Eric L and Huang, Bohua and others},
  Journal                  = {Journal of Climate},
  Year                     = {2012},
  Number                   = {11},
  Pages                    = {3867--3893},
  Volume                   = {25},
  Keywords                 = {4}
}

@Article{mann2007atlantic,
  Title                    = {Atlantic tropical cyclones revisited},
  Author                   = {Mann, Michael E and Emanuel, Kerry A and Holland, Greg J and Webster, Peter J},
  Journal                  = {Eos, Transactions American Geophysical Union},
  Year                     = {2007},
  Number                   = {36},
  Pages                    = {349--350},
  Volume                   = {88},
  Publisher                = {Wiley Online Library}
}

@Article{marks1992dual,
  Title                    = {Dual-aircraft investigation of the inner core of Hurricane Norbert. Part I: Kinematic structure},
  Author                   = {Marks Jr, Frank D and Houze Jr, Robert A and Gamache, John F},
  Journal                  = {Journal of the atmospheric sciences},
  Year                     = {1992},
  Number                   = {11},
  Pages                    = {919--942},
  Volume                   = {49},
  Keywords                 = {7}
}

@Article{marks20027d,
  Title                    = {7D. 2 DEVELOPMENT OF A TROPICAL CYCLONE RAINFALL CLIMATOLOGY AND PERSISTENCE (R-CLIPER) MODEL},
  Author                   = {Marks, Frank and Kappler, Gretchen and DeMaria, Mark},
  Year                     = {2002},
  Keywords                 = {6}
}

@Article{marotzke2015forcing,
  Title                    = {Forcing, feedback and internal variability in global temperature trends},
  Author                   = {Marotzke, Jochem and Forster, Piers M},
  Journal                  = {Nature},
  Year                     = {2015},
  Number                   = {7536},
  Pages                    = {565--570},
  Volume                   = {517},
  Keywords                 = {3},
  Owner                    = {acc215},
  Publisher                = {Nature Publishing Group},
  Timestamp                = {2015.11.11}
}

@Article{mason2002areas,
  Title                    = {Areas beneath the relative operating characteristics (ROC) and relative operating levels (ROL) curves: Statistical significance and interpretation},
  Author                   = {Mason, Simon J and Graham, NE},
  Journal                  = {Quarterly Journal of the Royal Meteorological Society},
  Year                     = {2002},
  Number                   = {584},
  Pages                    = {2145--2166},
  Volume                   = {128},
  File                     = {Mason2002_ROC:H\:\\Documents\\China_MO\\References\\Mason_et_al-2002-Quarterly_Journal_of_the_Royal_Meteorological_Society.pdf:PDF},
  Owner                    = {acc215},
  Publisher                = {Wiley Online Library},
  Timestamp                = {2015.10.16}
}

@Article{McBride1995,
  Title                    = {Tropical cyclone formation},
  Author                   = {McBride, John L},
  Journal                  = {Global Perspectives on Tropical Cyclones},
  Year                     = {1995},
  Number                   = {2},
  Pages                    = {63--105},
  Volume                   = {693},
  File                     = {McBride1995_TC_formation:H\:\\Documents\\China_MO\\References\\global_perspectives_ch3.pdf:PDF},
  Keywords                 = {7},
  Owner                    = {acc215},
  Timestamp                = {2015.10.15}
}

@Article{mccarthy2015ocean,
  Title                    = {Ocean impact on decadal Atlantic climate variability revealed by sea-level observations},
  Author                   = {McCarthy, Gerard D and Haigh, Ivan D and Hirschi, Jo{\"e}l J-M and Grist, Jeremy P and Smeed, David A},
  Journal                  = {Nature},
  Year                     = {2015},
  Number                   = {7553},
  Pages                    = {508--510},
  Volume                   = {521},
  Keywords                 = {1},
  Owner                    = {acc215},
  Publisher                = {Nature Publishing Group},
  Timestamp                = {2015.11.12}
}

@Article{mcdonald2005tropical,
  Title                    = {Tropical storms: representation and diagnosis in climate models and the impacts of climate change},
  Author                   = {McDonald, RUTH E and Bleaken, DANIEL G and Cresswell, DENISE R and Pope, VICKY D and Senior, CATHERINE A},
  Journal                  = {Climate Dynamics},
  Year                     = {2005},
  Number                   = {1},
  Pages                    = {19--36},
  Volume                   = {25},
  Keywords                 = {1},
  Owner                    = {acc215},
  Publisher                = {Springer},
  Timestamp                = {2015.12.07}
}

@Article{mcguffie1998climate,
  Title                    = {A climate modelling primer},
  Author                   = {McGuffie, Kendal and Henderson-Sellers, Ann},
  Journal                  = {Atmospheric Environment},
  Year                     = {1998},
  Number                   = {2},
  Pages                    = {261--261},
  Volume                   = {32},
  Publisher                = {Elsevier Science}
}

@Article{mctaggart2015revisiting,
  Title                    = {Revisiting the 26.5° C Sea Surface Temperature Threshold for Tropical Cyclone Development},
  Author                   = {McTaggart-Cowan, Ron and Davies, Emily L and Fairman Jr, Jonathan G and Galarneau Jr, Thomas J and Schultz, David M},
  Journal                  = {Bulletin of the American Meteorological Society},
  Year                     = {2015},
  Number                   = {2015},
  File                     = {McTaggart_revisiting_sst_2015:bams-d-13-00254%2E1.pdf:PDF}
}

@Article{mendelsohn2012impact,
  Title                    = {The impact of climate change on global tropical cyclone damage},
  Author                   = {Mendelsohn, Robert and Emanuel, Kerry and Chonabayashi, Shun and Bakkensen, Laura},
  Journal                  = {Nature Climate Change},
  Year                     = {2012},
  Number                   = {3},
  Pages                    = {205--209},
  Volume                   = {2},
  Publisher                = {Nature Publishing Group}
}

@Article{MendelsohnEmanuelChonabayashi2011,
  Title                    = {The impact of climate change on hurricane damages in the United States},
  Author                   = {Mendelsohn, Robert O and Emanuel, Kerry and Chonabayashi, Shun},
  Journal                  = {World Bank Policy Research Working Paper Series, Vol},
  Year                     = {2011}
}

@Article{MendelsohnEmanuelChonabayashi2011a,
  Title                    = {The impact of climate change on global tropical storm damages},
  Author                   = {Mendelsohn, Robert O and Emanuel, Kerry and Chonabayashi, Shun},
  Journal                  = {World Bank Policy Research Working Paper Series, Vol},
  Year                     = {2011}
}

@Article{michel2010catastrophe,
  Title                    = {Catastrophe economics: the national flood insurance program},
  Author                   = {Michel-Kerjan, Erwann O},
  Journal                  = {The Journal of Economic Perspectives},
  Year                     = {2010},
  Pages                    = {165--186},
  Publisher                = {JSTOR}
}

@Article{michelangeli2009probabilistic,
  Title                    = {Probabilistic downscaling approaches: Application to wind cumulative distribution functions},
  Author                   = {Michelangeli, P-A and Vrac, Matthieu and Loukos, H},
  Journal                  = {Geophysical Research Letters},
  Year                     = {2009},
  Number                   = {11},
  Volume                   = {36},
  Keywords                 = {4},
  Owner                    = {acc215},
  Publisher                = {Wiley Online Library},
  Timestamp                = {2015.12.07}
}

@Article{michener1997climate,
  Title                    = {Climate change, hurricanes and tropical storms, and rising sea level in coastal wetlands},
  Author                   = {Michener, William K and Blood, Elizabeth R and Bildstein, Keith L and Brinson, Mark M and Gardner, Leonard R},
  Journal                  = {Ecological Applications},
  Year                     = {1997},
  Number                   = {3},
  Pages                    = {770--801},
  Volume                   = {7},
  File                     = {Climate_change_Michener1997:\\\\icnas1.cc.ic.ac.uk\\acc215\\Documents\\Review_Hurricanes_climate_change\\1051-0761%281997%29007%5B0770%3Acchats%5D2%2E0%2Eco%3B2.pdf:PDF},
  Keywords                 = {3},
  Publisher                = {Eco Soc America}
}

@Article{minobe2008influence,
  Title                    = {Influence of the Gulf Stream on the troposphere},
  Author                   = {Minobe, Shoshiro and Kuwano-Yoshida, Akira and Komori, Nobumasa and Xie, Shang-Ping and Small, Richard Justin},
  Journal                  = {Nature},
  Year                     = {2008},
  Number                   = {7184},
  Pages                    = {206--209},
  Volume                   = {452},
  Publisher                = {Nature Publishing Group}
}

@Article{minobe2010atmospheric,
  Title                    = {Atmospheric response to the gulf stream: seasonal variations*},
  Author                   = {Minobe, Shoshiro and Miyashita, Masato and Kuwano-Yoshida, Akira and Tokinaga, Hiroki and Xie, Shang-Ping},
  Journal                  = {Journal of Climate},
  Year                     = {2010},
  Number                   = {13},
  Pages                    = {3699--3719},
  Volume                   = {23},
  File                     = {Minobe2010_Gulf_Stream_seasonal:\\\\icnas1.cc.ic.ac.uk\\acc215\\Documents\\China_MO\\References\\2010jcli3359%2E1.pdf:PDF}
}

@Electronic{mo_tc,
  Title                    = {Tropical cyclone facts},
  Author                   = {Met Office UK},
  URL                      = {www.metoffice.gov.uk/weather/tropicalcyclone/facts}
}

@Article{molinari2013percentage,
  Title                    = {What percentage of western North Pacific tropical cyclones form within the monsoon trough?},
  Author                   = {Molinari, John and Vollaro, David},
  Journal                  = {Monthly Weather Review},
  Year                     = {2013},
  Number                   = {2},
  Pages                    = {499--505},
  Volume                   = {141},
  File                     = {Molinari2013_percentage_WPAC:H\:\\Documents\\China_MO\\References\\mwr-d-12-00165%2E1.pdf:PDF},
  Keywords                 = {2},
  Owner                    = {acc215},
  Timestamp                = {2015.10.15}
}

@Article{moon2004effect,
  Title                    = {Effect of surface waves on air-sea momentum exchange. Part II: Behavior of drag coefficient under tropical cyclones},
  Author                   = {Moon, IL-JU and Ginis, Isaac and Hara, Tetsu},
  Journal                  = {Journal of the atmospheric sciences},
  Year                     = {2004},
  Number                   = {19},
  Pages                    = {2334--2348},
  Volume                   = {61},
  File                     = {Moon2004_surface_waves_air-sea_momentum_exchange:H\:\\Documents\\China_MO\\References\\1520-0469%282004%29061-2334%3Aeoswoa-2%2E0%2Eco%3B2.pdf:PDF},
  Keywords                 = {2},
  Owner                    = {acc215},
  Timestamp                = {2015.11.12}
}

@Article{moon2015roles,
  Title                    = {Roles of interbasin frequency changes in the poleward shifts of the maximum intensity location of tropical cyclones},
  Author                   = {Moon, Il-Ju and Kim, Sung-Hun and Klotzbach, Phil and Chan, Johnny CL},
  Journal                  = {Environmental Research Letters},
  Year                     = {2015},
  Number                   = {10},
  Pages                    = {104004},
  Volume                   = {10},
  Keywords                 = {7},
  Publisher                = {IOP Publishing}
}

@PhdThesis{morcrette2004radar,
  Title                    = {Radar and modelling studies of upright and slantwise convection},
  Author                   = {Morcrette, Cyril Julien},
  School                   = {University of Reading},
  Year                     = {2004}
}

@Article{morcrette2006formation,
  Title                    = {Formation and release of symmetric instability following Delta-M adjustment},
  Author                   = {Morcrette, CJ and Browning, KA},
  Journal                  = {Quarterly Journal of the Royal Meteorological Society},
  Year                     = {2006},
  Number                   = {617},
  Pages                    = {1073--1089},
  Volume                   = {132},
  File                     = {Mocrette2006_delta-M:\\\\icnas1.cc.ic.ac.uk\\acc215\\Documents\\China_MO\\References\\200613261704_ftp.pdf:PDF},
  Publisher                = {Wiley Online Library}
}

@Article{moyer2007comparison,
  Title                    = {Comparison of observed gale radius statistics},
  Author                   = {Moyer, Adam C and Evans, Jenni L and Powell, Mark},
  Journal                  = {Meteorology and Atmospheric physics},
  Year                     = {2007},
  Number                   = {1-4},
  Pages                    = {41--55},
  Volume                   = {97},
  Keywords                 = {1},
  Owner                    = {acc215},
  Publisher                = {Springer},
  Timestamp                = {2015.11.12}
}

@Article{mrvaljevic2013observations,
  Title                    = {Observations of the cold wake of Typhoon Fanapi (2010)},
  Author                   = {Mrvaljevic, Rosalinda K and Black, Peter G and Centurioni, Luca R and Chang, Ya-Ting and D'Asaro, Eric A and Jayne, Steven R and Lee, Craig M and Lien, Ren-Chieh and Lin, I-I and Morzel, Jan and others},
  Journal                  = {Geophysical Research Letters},
  Year                     = {2013},
  Number                   = {2},
  Pages                    = {316--321},
  Volume                   = {40},
  Publisher                = {Wiley Online Library}
}

@Article{murakami2010effect,
  Title                    = {Effect of model resolution on tropical cyclone climate projections},
  Author                   = {Murakami, Hiroyuki and Sugi, Masato},
  Journal                  = {Sola},
  Year                     = {2010},
  Pages                    = {73--76},
  Volume                   = {6},
  Keywords                 = {4},
  Publisher                = {Meteorological Society of Japan}
}

@Article{murakami2010future,
  Title                    = {Future Change of North Atlantic Tropical Cyclone Tracks: Projection by a 20-km-Mesh Global Atmospheric Model*},
  Author                   = {Murakami, Hiroyuki and Wang, Bin},
  Journal                  = {Journal of Climate},
  Year                     = {2010},
  Number                   = {10},
  Pages                    = {2699--2721},
  Volume                   = {23},
  Owner                    = {acc215},
  Timestamp                = {2015.12.07}
}

@Article{murakami2012future,
  Title                    = {Future changes in tropical cyclone activity projected by the new high-resolution MRI-AGCM*},
  Author                   = {Murakami, Hiroyuki and Wang, Yuqing and Yoshimura, Hiromasa and Mizuta, Ryo and Sugi, Masato and Shindo, Eiki and Adachi, Yukimasa and Yukimoto, Seiji and Hosaka, Masahiro and Kusunoki, Shoji and others},
  Journal                  = {Journal of Climate},
  Year                     = {2012},
  Number                   = {9},
  Pages                    = {3237--3260},
  Volume                   = {25},
  Keywords                 = {6},
  Owner                    = {acc215},
  Timestamp                = {2015.11.12}
}

@Article{murakami2014tropical,
  Title                    = {Tropical cyclones in reanalysis data sets},
  Author                   = {Murakami, Hiroyuki},
  Journal                  = {Geophysical Research Letters},
  Year                     = {2014},
  Number                   = {6},
  Pages                    = {2133--2141},
  Volume                   = {41},
  Date-added               = {2015-09-02 13:49:32 +0000},
  Date-modified            = {2015-09-02 13:49:32 +0000},
  Keywords                 = {3},
  Publisher                = {Wiley Online Library}
}

@Article{murakami2015simulation,
  Title                    = {Simulation and prediction of category 4 and 5 hurricanes in the high-resolution GFDL HiFLOR coupled climate model},
  Author                   = {Murakami, Hiroyuki and Vecchi, GA and Underwood, S and Delworth, T and Wittenberg, AT and Anderson, W and Chen, J-H and Gudgel, R and Harris, L and Lin, S-J and others},
  Journal                  = {Journal of Climate},
  Year                     = {2015},
  Number                   = {2015},
  Owner                    = {acc215},
  Timestamp                = {2015.12.08}
}

@Article{nakamura2004observed,
  Title                    = {Observed associations among storm tracks, jet streams and midlatitude oceanic fronts},
  Author                   = {Nakamura, Hisashi and Sampe, Takeaki and Tanimoto, Youichi and Shimpo, Akihiko},
  Journal                  = {Earth's Climate},
  Year                     = {2004},
  Pages                    = {329--345},
  Publisher                = {Wiley Online Library}
}

@Article{nakamura2008importance,
  Title                    = {On the importance of midlatitude oceanic frontal zones for the mean state and dominant variability in the tropospheric circulation},
  Author                   = {Nakamura, Hisashi and Sampe, Takeaki and Goto, Atsushi and Ohfuchi, Wataru and Xie, Shang-Ping},
  Journal                  = {Geophysical Research Letters},
  Year                     = {2008},
  Number                   = {15},
  Volume                   = {35},
  Publisher                = {Wiley Online Library}
}

@Article{nakanodata,
  Title                    = {A data-driven Monte Carlo simulation model of typhoon tracks},
  Author                   = {Nakano, S and Suzuki, K and Ueno, G},
  File                     = {Data-driven_typhoon_tracks:Paper 95.pdf:PDF},
  Keywords                 = {4},
  Owner                    = {acc215},
  Timestamp                = {2015.12.07}
}

@Electronic{nasa_ocean,
  Title                    = {Ocean motion and surface currents},
  Author                   = {NASA},
  URL                      = {http://oceanmotion.org/html/background/geostrophic-flow.htm},
  Year                     = {2017}
}

@Electronic{nasa_wbc,
  Title                    = {Western Boundary Currents},
  Author                   = {NASA},
  URL                      = {http://oceanmotion.org/html/background/western-boundary-currents.htm},
  Year                     = {2017}
}

@Article{neumann1985role,
  Title                    = {The role of statistical models in the prediction of tropical cyclone motion},
  Author                   = {Neumann, Charles J},
  Journal                  = {The American Statistician},
  Year                     = {1985},
  Number                   = {4},
  Pages                    = {347--357},
  Volume                   = {39},
  Keywords                 = {7},
  Publisher                = {Taylor \& Francis Group}
}

@Article{newman2016pacific,
  Title                    = {The Pacific decadal oscillation, revisited},
  Author                   = {Newman, Matthew and Alexander, Michael A and Ault, Toby R and Cobb, Kim M and Deser, Clara and Di Lorenzo, Emanuele and Mantua, Nathan J and Miller, Arthur J and Minobe, Shoshiro and Nakamura, Hisashi and others},
  Journal                  = {Journal of Climate},
  Year                     = {2016},
  Number                   = {2016},
  Keywords                 = {7}
}

@Article{nguyen2013estimating,
  Title                    = {Estimating the value of economic benefits associated with adaptation to climate change in a developing country: A case study of improvements in tropical cyclone warning services},
  Author                   = {Nguyen, Thanh Cong and Robinson, Jackie and Kaneko, Shinji and Komatsu, Satoru},
  Journal                  = {Ecological Economics},
  Year                     = {2013},
  Pages                    = {117--128},
  Volume                   = {86},
  File                     = {Estimating_value_economic_Nguyen2013:\\\\icnas1.cc.ic.ac.uk\\acc215\\Documents\\Review_Hurricanes_climate_change\\1-s2.0-S0921800912004508-main.pdf:PDF},
  Keywords                 = {3},
  Publisher                = {Elsevier}
}

@Electronic{nhc_gloss,
  Title                    = {Glossary},
  Author                   = {NHC, NOAA},
  URL                      = {www.nhc.noaa.gov/aboutgloss.shtml}
}

@Electronic{nhkhurricanehunter,
  Title                    = {Aircraft to be used for typhoon observation},
  Author                   = {NHKWorld},
  Month                    = {June},
  URL                      = {www3.nhk.or.jp/nhkworld/en/news/20160611_19/},
  Year                     = {2016}
}

@Article{nicholls1979possible,
  Title                    = {A possible method for predicting seasonal tropical cyclone activity in the Australian region},
  Author                   = {Nicholls, N},
  Journal                  = {Monthly Weather Review},
  Year                     = {1979},
  Number                   = {9},
  Pages                    = {1221--1224},
  Volume                   = {107}
}

@Article{nicholls1985predictability,
  Title                    = {Predictability of interannual variations of Australian seasonal tropical cyclone activity},
  Author                   = {Nicholls, Neville},
  Journal                  = {Monthly weather review},
  Year                     = {1985},
  Number                   = {7},
  Pages                    = {1144--1149},
  Volume                   = {113}
}

@Electronic{noaa_a11,
  Author                   = {NOAA},
  URL                      = {http://www.aoml.noaa.gov/hrd/tcfaq/A11.html}
}

@Electronic{noaa_enso,
  Title                    = {Tropical Atmosphere Ocean project diagrams},
  Author                   = {NOAA/PMEL/TAO Project Office Dr. Michael J. McPhaden, Director},
  URL                      = {www.pmel.noaa.gov/tao/proj_over/diagrams/}
}

@Electronic{noaa_jetstream,
  Title                    = {The Jet Stream},
  Author                   = {NOAA},
  URL                      = {www.srh.noaa.gov/jetstream/global/jet.html}
}

@Electronic{noaa_structure,
  Title                    = {Tropical Cyclone Structure},
  Author                   = {NOAA},
  Month                    = {October},
  Organization             = {NOAA},
  URL                      = {www.srh.noaa.gov/jetstream/tropics/tc_structure.html},
  Year                     = {2016}
}

@Electronic{noaaA15,
  Author                   = {NOAA HRD},
  URL                      = {www.aoml.noaa.gov/hrd/tcfaq/A15.html},
  Year                     = {2014}
}

@Electronic{norwegian,
  Title                    = {Norwegian Cyclone Model},
  Author                   = {NOAA SRH},
  URL                      = {/www.srh.noaa.gov/jetstream/synoptic/cyclone.html}
}

@Article{ogata2015effect,
  Title                    = {Effect of air-sea coupling on the frequency distribution of intense tropical cyclones over the northwestern Pacific},
  Author                   = {Ogata, Tomomichi and Mizuta, Ryo and Adachi, Yukimasa and Murakami, Hiroyuki and Ose, Tomoaki},
  Journal                  = {Geophysical Research Letters},
  Year                     = {2015},
  Number                   = {23},
  Volume                   = {42},
  File                     = {Ogata_air-sea_coupling_2015:grl53780.pdf:PDF},
  Publisher                = {Wiley Online Library}
}

@Article{onogi2007jra,
  Title                    = {The JRA-25 reanalysis},
  Author                   = {Onogi, Kazutoshi and Tsutsui, Junichi and Koide, Hiroshi and Sakamoto, Masami and Kobayashi, Shinya and Hatsushika, Hiroaki and Matsumoto, Takanori and Yamazaki, Nobuo and KAMAHORI, Hirotaka and Takahashi, Kiyotoshi and others},
  Journal                  = {気象集誌. 第 2 輯},
  Year                     = {2007},
  Number                   = {3},
  Pages                    = {369--432},
  Volume                   = {85},
  Date-added               = {2015-09-02 13:53:03 +0000},
  Date-modified            = {2015-09-02 13:53:03 +0000},
  Publisher                = {Meteorological Society of Japan}
}

@Online{Organization,
  Title                    = {Climate Models},
  Author                   = {World Meteorological Organization},
  URL                      = {www.wmo.int/pages/themes/climate/climate_models.php}
}

@Electronic{ostia,
  Title                    = {Operational Sea Surface Temperature and Sea Ice Analysis (OSTIA)},
  Author                   = {National Centre for Ocean Forecasting (NCOF)},
  URL                      = {ghrsst-pp.metoffice.com/pages/latest_analysis/ostia.html}
}

@Article{palmen1948formation,
  Title                    = {On the formation and structure of tropical hurricanes},
  Author                   = {Palmen, Erik},
  Journal                  = {Geophysica},
  Year                     = {1948},
  Number                   = {1},
  Pages                    = {26--38},
  Volume                   = {3}
}

@Article{palmer2001nonlinear,
  Title                    = {A nonlinear dynamical perspective on model error: A proposal for non-local stochastic-dynamic parametrization in weather and climate prediction models},
  Author                   = {Palmer, Tim N},
  Journal                  = {Quarterly Journal of the Royal Meteorological Society},
  Year                     = {2001},
  Number                   = {572},
  Pages                    = {279--304},
  Volume                   = {127},
  Keywords                 = {4},
  Publisher                = {Wiley Online Library}
}

@Article{palmer2015ocean,
  Title                    = {Ocean heat content variability and change in an ensemble of ocean reanalyses},
  Author                   = {Palmer, MD and Roberts, CD and Balmaseda, M and Chang, Y-S and Chepurin, G and Ferry, N and Fujii, Y and Good, SA and Guinehut, S and Haines, K and others},
  Journal                  = {Climate Dynamics},
  Year                     = {2015},
  Pages                    = {1--22},
  Keywords                 = {7},
  Publisher                = {Springer}
}

@Article{parfitt2017simple,
  Title                    = {A simple diagnostic for the detection of atmospheric fronts},
  Author                   = {Parfitt, Rhys and Czaja, Arnaud and Seo, Hyodae},
  Journal                  = {Geophysical Research Letters},
  Year                     = {2017},
  Number                   = {9},
  Pages                    = {4351--4358},
  Volume                   = {44},
  File                     = {Parfitt2017_fronts:\\\\icnas1.cc.ic.ac.uk\\acc215\\Documents\\China_MO\\References\\Parfitt_et_al_grl17b.pdf:PDF},
  Publisher                = {Wiley Online Library}
}

@Article{phibbs2014modeled,
  Title                    = {Modeled dependence of wind and waves on ocean temperature in tropical cyclones},
  Author                   = {Phibbs, Samuel and Toumi, Ralf},
  Journal                  = {Geophysical Research Letters},
  Year                     = {2014},
  Number                   = {20},
  Pages                    = {7383--7390},
  Volume                   = {41},
  File                     = {PhibbsToumi2014_modeled_dependence:Phibbs_et_al-2014-Geophysical_Research_Letters.pdf:PDF},
  Keywords                 = {2},
  Owner                    = {acc215},
  Publisher                = {Wiley Online Library},
  Timestamp                = {2015.10.08}
}

@Article{pielke1998normalized,
  Title                    = {Normalized hurricane damages in the United States: 1925-95},
  Author                   = {Pielke Jr, Roger A and Landsea, Christopher W},
  Journal                  = {Weather and Forecasting},
  Year                     = {1998},
  Number                   = {3},
  Pages                    = {621--631},
  Volume                   = {13}
}

@Article{pielke2005hurricanes,
  Title                    = {Hurricanes and global warming},
  Author                   = {Pielke Jr, Roger A and Landsea, Chris and Mayfield, Max and Laver, Jim and Pasch, Richard},
  Journal                  = {Bulletin of the American Meteorological Society},
  Year                     = {2005},
  Number                   = {11},
  Pages                    = {1571},
  Volume                   = {86},
  Keywords                 = {4},
  Publisher                = {American Meteorological Society}
}

@Article{pielke2008normalized,
  Title                    = {Normalized hurricane damage in the United States: 1900--2005},
  Author                   = {Pielke Jr, Roger A and Gratz, Joel and Landsea, Christopher W and Collins, Douglas and Saunders, Mark A and Musulin, Rade},
  Journal                  = {Natural Hazards Review},
  Year                     = {2008},
  Publisher                = {American Society of Civil Engineers}
}

@Article{pike1985geopotential,
  Title                    = {Geopotential heights and thicknesses as predictors of Atlantic tropical cyclone motion and intensity},
  Author                   = {Pike, Arthur C},
  Journal                  = {Monthly weather review},
  Year                     = {1985},
  Number                   = {6},
  Pages                    = {931--940},
  Volume                   = {113}
}

@Article{prasad2007upper,
  Title                    = {Upper-ocean response to Hurricane Ivan in a 1/25 nested Gulf of Mexico HYCOM},
  Author                   = {Prasad, TG and Hogan, Patrick J},
  Journal                  = {Journal of Geophysical Research: Oceans (1978--2012)},
  Year                     = {2007},
  Number                   = {C4},
  Volume                   = {112},
  File                     = {Prasad2007_upper-ocean_response:H\:\\Documents\\China_MO\\References\\jgrc10395.pdf:PDF},
  Keywords                 = {2},
  Owner                    = {acc215},
  Publisher                = {Wiley Online Library},
  Timestamp                = {2015.10.09}
}

@Article{price1981upper,
  Title                    = {Upper ocean response to a hurricane},
  Author                   = {Price, James F},
  Journal                  = {Journal of Physical Oceanography},
  Year                     = {1981},
  Number                   = {2},
  Pages                    = {153--175},
  Volume                   = {11}
}

@Article{radu2014influence,
  Title                    = {Influence of atmospheric and sea surface temperature on the size of hurricane Catarina},
  Author                   = {Radu, Raluca and Toumi, Ralf and Phau, Jared},
  Journal                  = {Quarterly Journal of the Royal Meteorological Society},
  Year                     = {2014},
  Number                   = {682},
  Pages                    = {1778--1784},
  Volume                   = {140},
  Keywords                 = {2},
  Owner                    = {acc215},
  Publisher                = {Wiley Online Library},
  Timestamp                = {2015.11.11}
}

@Article{ranger2012deep,
  Title                    = {Deep uncertainty in long-term hurricane risk: scenario generation and implications for future climate experiments},
  Author                   = {Ranger, Nicola and Nieh{\"o}rster, Falk},
  Journal                  = {Global Environmental Change},
  Year                     = {2012},
  Number                   = {3},
  Pages                    = {703--712},
  Volume                   = {22},
  Publisher                = {Elsevier}
}

@Article{rhein2013chapter,
  Title                    = {Chapter 3: Observations: Ocean},
  Author                   = {Rhein, M and Rintoul, SR and Aoki, S and Campos, E and Chambers, D and Feely, RA and Gulev, S and Johnson, GC and Josey, SA and Kostianoy, A and others},
  Journal                  = {Climate Change},
  Year                     = {2013}
}

@Article{rienecker2011merra,
  Title                    = {MERRA: NASA's modern-era retrospective analysis for research and applications},
  Author                   = {Rienecker, Michele M and Suarez, Max J and Gelaro, Ronald and Todling, Ricardo and Bacmeister, Julio and Liu, Emily and Bosilovich, Michael G and Schubert, Siegfried D and Takacs, Lawrence and Kim, Gi-Kong and others},
  Journal                  = {Journal of Climate},
  Year                     = {2011},
  Number                   = {14},
  Pages                    = {3624--3648},
  Volume                   = {24}
}

@Article{roberts2015tropical,
  Title                    = {Tropical Cyclones in the UPSCALE Ensemble of High-Resolution Global Climate Models*},
  Author                   = {Roberts, Malcolm J and Vidale, Pier Luigi and Mizielinski, Matthew S and Demory, Marie-Estelle and Schiemann, Reinhard and Strachan, Jane and Hodges, Kevin and Bell, Ray and Camp, Joanne},
  Journal                  = {Journal of Climate},
  Year                     = {2015},
  Number                   = {2},
  Pages                    = {574--596},
  Volume                   = {28},
  Date-added               = {2015-09-02 13:48:08 +0000},
  Date-modified            = {2015-09-02 13:48:08 +0000}
}

@Article{rodwell2013characteristics,
  Title                    = {Characteristics of occasional poor medium-range weather forecasts for Europe},
  Author                   = {Rodwell, Mark J and Magnusson, Linus and Bauer, Peter and Bechtold, Peter and Bonavita, Massimo and Cardinali, Carla and Diamantakis, Michail and Earnshaw, Paul and Garcia-Mendez, Antonio and Isaksen, Lars and others},
  Journal                  = {Bulletin of the American Meteorological Society},
  Year                     = {2013},
  Number                   = {9},
  Pages                    = {1393--1405},
  Volume                   = {94},
  Publisher                = {American Meteorological Society}
}

@Article{rowell1998assessing,
  Title                    = {Assessing potential seasonal predictability with an ensemble of multidecadal GCM simulations},
  Author                   = {Rowell, David P},
  Journal                  = {Journal of Climate},
  Year                     = {1998},
  Number                   = {2},
  Pages                    = {109--120},
  Volume                   = {11},
  File                     = {Rowell1998_assessing_potential:1520-0442%281998%29011-0109%3Aapspwa-2%2E0%2Eco%3B2.pdf:PDF},
  Keywords                 = {1},
  Owner                    = {acc215},
  Timestamp                = {2015.10.08}
}

@Article{rumpf2007stochastic,
  Title                    = {Stochastic modelling of tropical cyclone tracks},
  Author                   = {Rumpf, Jonas and Weindl, Helga and H{\"o}ppe, Peter and Rauch, Ernst and Schmidt, Volker},
  Journal                  = {Mathematical Methods of Operations Research},
  Year                     = {2007},
  Number                   = {3},
  Pages                    = {475--490},
  Volume                   = {66},
  Keywords                 = {5},
  Publisher                = {Springer}
}

@Article{ryglicki2015investigation,
  Title                    = {An Investigation of Center-Finding Techniques for Tropical Cyclones in Mesoscale Models},
  Author                   = {Ryglicki, David R and Hart, Robert E},
  Journal                  = {Journal of Applied Meteorology and Climatology},
  Year                     = {2015},
  Number                   = {4},
  Pages                    = {825--846},
  Volume                   = {54},
  Keywords                 = {1},
  Owner                    = {acc215},
  Timestamp                = {2015.11.12}
}

@Article{saha2010ncep,
  Title                    = {The NCEP climate forecast system reanalysis},
  Author                   = {Saha, Suranjana and Moorthi, Shrinivas and Pan, Hua-Lu and Wu, Xingren and Wang, Jiande and Nadiga, Sudhir and Tripp, Patrick and Kistler, Robert and Woollen, John and Behringer, David and others},
  Journal                  = {Bulletin of the American Meteorological Society},
  Year                     = {2010},
  Number                   = {8},
  Pages                    = {1015--1057},
  Volume                   = {91},
  Publisher                = {American Meteorological Society}
}

@Article{sampson2014impact,
  Title                    = {The impact of uncertain precipitation data on insurance loss estimates using a flood catastrophe model},
  Author                   = {Sampson, Christopher C and Fewtrell, Timothy J and O'Loughlin, Fiachra and Pappenberger, Florian and Bates, Paul B and Freer, Jim E and Cloke, Hannah L},
  Journal                  = {Hydrology and Earth System Sciences},
  Year                     = {2014},
  Number                   = {6},
  Pages                    = {2305--2324},
  Volume                   = {18},
  Publisher                = {Copernicus GmbH}
}

@Article{schade1999ocean,
  Title                    = {The ocean's effect on the intensity of tropical cyclones: Results from a simple coupled atmosphere-ocean model},
  Author                   = {Schade, Lars R and Emanuel, Kerry A},
  Journal                  = {Journal of the Atmospheric Sciences},
  Year                     = {1999},
  Number                   = {4},
  Pages                    = {642--651},
  Volume                   = {56},
  File                     = {Schade1999_ocean_intensity_tcs:\\\\icnas1.cc.ic.ac.uk\\acc215\\Documents\\China_MO\\References\\1520-0469%281999%29056-0642%3Atoseot-2%2E0%2Eco%3B2.pdf:PDF},
  Keywords                 = {7}
}

@Article{schreck2014impact,
  Title                    = {The impact of best track discrepancies on global tropical cyclone climatologies using IBTrACS},
  Author                   = {Schreck III, Carl J and Knapp, Kenneth R and Kossin, James P},
  Journal                  = {Monthly Weather Review},
  Year                     = {2014},
  Number                   = {10},
  Pages                    = {3881--3899},
  Volume                   = {142},
  Date-added               = {2015-09-02 13:51:57 +0000},
  Date-modified            = {2015-09-02 13:51:57 +0000},
  File                     = {Schreck_Best_Track2014:mwr-d-14-00021%2E1.pdf:PDF},
  Keywords                 = {6},
  Owner                    = {acc215},
  Timestamp                = {2015.12.07}
}

@Article{schubert1982inertial,
  Title                    = {Inertial stability and tropical cyclone development},
  Author                   = {Schubert, Wayne H and Hack, James J},
  Journal                  = {Journal of the Atmospheric Sciences},
  Year                     = {1982},
  Number                   = {8},
  Pages                    = {1687--1697},
  Volume                   = {39},
  File                     = {Schubert_inertial_stability_1982:schuberthackinertialstab82.pdf:PDF}
}

@Article{schultz1999use,
  Title                    = {The use and misuse of conditional symmetric instability},
  Author                   = {Schultz, David M and Schumacher, Philip N},
  Journal                  = {Monthly Weather Review},
  Year                     = {1999},
  Number                   = {12},
  Pages                    = {2709--2732},
  Volume                   = {127},
  File                     = {Schultz1999_use_misuse:\\\\icnas1.cc.ic.ac.uk\\acc215\\Documents\\China_MO\\References\\1520-0493%281999%29127-2709%3Atuamoc-2.0.co%3B2.pdf:PDF}
}

@Electronic{seasonalhurr,
  Title                    = {Seasonal Hurricane Predictions},
  URL                      = {www.bsc.es/ESS/seasonalhurricanepredictions/},
  Year                     = {2016}
}

@Article{seltzer1985possible,
  Title                    = {The possible role of symmetric instability in the formation of precipitation bands},
  Author                   = {Seltzer, Marc A and Passarelli, RE and Emanuel, KA},
  Journal                  = {Journal of the atmospheric sciences},
  Year                     = {1985},
  Number                   = {20},
  Pages                    = {2207--2219},
  Volume                   = {42}
}

@Article{serra2010tracking,
  Title                    = {Tracking and mean structure of easterly waves over the Intra-Americas Sea},
  Author                   = {Serra, Yolande L and Kiladis, George N and Hodges, Kevin I},
  Journal                  = {Journal of Climate},
  Year                     = {2010},
  Number                   = {18},
  Pages                    = {4823--4840},
  Volume                   = {23},
  Date-added               = {2015-09-03 09:14:39 +0000},
  Date-modified            = {2015-09-03 09:14:39 +0000}
}

@Article{shaevitz2014characteristics,
  Title                    = {Characteristics of tropical cyclones in high-resolution models in the present climate},
  Author                   = {Shaevitz, Daniel A and Camargo, Suzana J and Sobel, Adam H and Jonas, Jeffrey A and Kim, Daehyun and Kumar, Arun and LaRow, Timothy E and Lim, Young-Kwon and Murakami, Hiroyuki and Reed, Kevin A and others},
  Journal                  = {Journal of Advances in Modeling Earth Systems},
  Year                     = {2014},
  Number                   = {4},
  Pages                    = {1154--1172},
  Volume                   = {6},
  Keywords                 = {1},
  Owner                    = {acc215},
  Publisher                = {Wiley Online Library},
  Timestamp                = {2015.11.11}
}

@Article{shaman2010air,
  Title                    = {Air--sea fluxes over the Gulf Stream region: Atmospheric controls and trends},
  Author                   = {Shaman, Jeffrey and Samelson, RM and Skyllingstad, Eric},
  Journal                  = {Journal of Climate},
  Year                     = {2010},
  Number                   = {10},
  Pages                    = {2651--2670},
  Volume                   = {23},
  File                     = {Shaman2010_air-sea_atm_controls:\\\\icnas1.cc.ic.ac.uk\\acc215\\Documents\\China_MO\\References\\2010jcli3269%2E1.pdf:PDF}
}

@Article{shapiro1982hurricane,
  Title                    = {Hurricane climatic fluctuations. Part II: Relation to large-scale circulation},
  Author                   = {Shapiro, Lloyd J},
  Journal                  = {Monthly Weather Review},
  Year                     = {1982},
  Number                   = {8},
  Pages                    = {1014--1023},
  Volume                   = {110},
  Keywords                 = {1},
  Owner                    = {acc215},
  Timestamp                = {2015.11.12}
}

@Article{shapiro1983asymmetric,
  Title                    = {The asymmetric boundary layer flow under a translating hurricane},
  Author                   = {Shapiro, Lloyd J},
  Journal                  = {Journal of the Atmospheric Sciences},
  Year                     = {1983},
  Number                   = {8},
  Pages                    = {1984--1998},
  Volume                   = {40},
  Keywords                 = {1},
  Owner                    = {acc215},
  Timestamp                = {2015.11.12}
}

@Article{shay2000effects,
  Title                    = {Effects of a warm oceanic feature on Hurricane Opal},
  Author                   = {Shay, Lynn K and Goni, Gustavo J and Black, Peter G},
  Journal                  = {Monthly Weather Review},
  Year                     = {2000},
  Number                   = {5},
  Pages                    = {1366--1383},
  Volume                   = {128},
  File                     = {Shay2000_warm_ocean_Opal:\\\\icnas1.cc.ic.ac.uk\\acc215\\Documents\\China_MO\\References\\1520-0493%282000%29128-1366%3Aeoawof-2%2E0%2Eco%3B2.pdf:PDF},
  Keywords                 = {7}
}

@InProceedings{sheikh2005impact,
  Title                    = {The impact of Hurricane Katrina on biological resources},
  Author                   = {Sheikh, Pervaze A},
  Year                     = {2005},
  Organization             = {Congressional Research Service, Library of Congress}
}

@Article{sheldon2017warm,
  Title                    = {A ‘warm path’for Gulf Stream--troposphere interactions},
  Author                   = {Sheldon, Luke and Czaja, Arnaud and Vanni{\`e}re, Benoit and Morcrette, Cyril and Sohet, Benoit and Casado, Mathieu and Smith, Doug},
  Journal                  = {Tellus A: Dynamic Meteorology and Oceanography},
  Year                     = {2017},
  Number                   = {1},
  Pages                    = {1299397},
  Volume                   = {69},
  Publisher                = {Taylor \& Francis}
}

@Article{simpson1974hurricane,
  Title                    = {The hurricane disaster potential scale},
  Author                   = {Simpson, Robert H and Saffir, H},
  Journal                  = {Weatherwise},
  Year                     = {1974},
  Number                   = {8},
  Pages                    = {169},
  Volume                   = {27}
}

@Article{slingo2009developing,
  Title                    = {Developing the next-generation climate system models: challenges and achievements},
  Author                   = {Slingo, Julia and Bates, Kevin and Nikiforakis, Nikos and Piggott, Matthew and Roberts, Malcolm and Shaffrey, Len and Stevens, Ian and Vidale, Pier Luigi and Weller, Hilary},
  Journal                  = {Philosophical Transactions of the Royal Society of London A: Mathematical, Physical and Engineering Sciences},
  Year                     = {2009},
  Number                   = {1890},
  Pages                    = {815--831},
  Volume                   = {367},
  Keywords                 = {1},
  Owner                    = {acc215},
  Publisher                = {The Royal Society},
  Timestamp                = {2015.12.07}
}

@Article{smith2008critique,
  Title                    = {A critique of Emanuel's hurricane model and potential intensity theory},
  Author                   = {Smith, Roger K and Montgomery, Michael T and Vogl, Stefanie},
  Journal                  = {Quarterly Journal of the Royal Meteorological Society},
  Year                     = {2008},
  Number                   = {632},
  Pages                    = {551--561},
  Volume                   = {134},
  Keywords                 = {4},
  Publisher                = {Wiley Online Library}
}

@Book{solomon2007climate,
  Title                    = {Climate change 2007-the physical science basis: Working group I contribution to the fourth assessment report of the IPCC},
  Author                   = {Solomon, Susan},
  Publisher                = {Cambridge University Press},
  Year                     = {2007},
  Volume                   = {4}
}

@Article{song2015tropical,
  Title                    = {Tropical cyclone genesis potential index over the western North Pacific simulated by CMIP5 models},
  Author                   = {Song, Yajuan and Wang, Lei and Lei, Xiaoyan and Wang, Xidong},
  Journal                  = {Advances in Atmospheric Sciences},
  Year                     = {2015},
  Number                   = {11},
  Pages                    = {1539--1550},
  Volume                   = {32},
  File                     = {Song_GPI_CMIP5:art%3A10.1007%2Fs00376-015-4162-3.pdf:PDF},
  Keywords                 = {5},
  Publisher                = {Springer}
}

@Article{stewart2003hurricane,
  Title                    = {Hurricane risks and economic viability of strengthened construction},
  Author                   = {Stewart, Mark G and Rosowsky, David V and Huang, Zhigang},
  Journal                  = {Natural hazards review},
  Year                     = {2003},
  Number                   = {1},
  Pages                    = {12--19},
  Volume                   = {4},
  Publisher                = {American Society of Civil Engineers}
}

@Article{stocker2013ipcc,
  Title                    = {IPCC, 2013: climate change 2013: the physical science basis. Contribution of working group I to the fifth assessment report of the intergovernmental panel on climate change},
  Author                   = {Stocker, TF and Qin, D and Plattner, GK and Tignor, M and Allen, SK and Boschung, J and Nauels, A and Xia, Y and Bex, B and Midgley, BM},
  Year                     = {2013},
  Publisher                = {Cambridge University Press}
}

@Misc{stocker2013ipccb,
  Title                    = {IPCC, 2013: summary for policymakers in climate change 2013: the physical science basis, contribution of working group I to the fifth assessment report of the intergovernmental panel on climate change},
  Author                   = {Stocker, TF and Qin, D and Plattner, GK and Tignor, M and Allen, SK and Boschung, J},
  Year                     = {2013},
  Publisher                = {Cambridge University Press, Cambridge, New York, USA}
}

@Misc{StockerQinPlattnerEtAl2013,
  Title                    = {IPCC, 2013: summary for policymakers in climate change 2013: the physical science basis, contribution of working group I to the fifth assessment report of the intergovernmental panel on climate change},
  Author                   = {Stocker, TF and Qin, D and Plattner, GK and Tignor, M and Allen, SK and Boschung, J},
  Year                     = {2013},
  Publisher                = {Cambridge University Press, Cambridge, New York, USA}
}

@InProceedings{strachan2007use,
  Title                    = {The use of high-resolution global climate models for climate risk assessment},
  Author                   = {Strachan, Jane},
  Booktitle                = {Catastrophe Modelling Forum Paper. New York},
  Year                     = {2007},
  Keywords                 = {4}
}

@Article{strachan2013investigating,
  Title                    = {Investigating global tropical cyclone activity with a hierarchy of AGCMs: The role of model resolution},
  Author                   = {Strachan, Jane and Vidale, Pier Luigi and Hodges, Kevin and Roberts, Malcolm and Demory, Marie-Estelle},
  Journal                  = {Journal of Climate},
  Year                     = {2013},
  Number                   = {1},
  Pages                    = {133--152},
  Volume                   = {26},
  Date-added               = {2015-09-02 13:42:59 +0000},
  Date-modified            = {2015-09-02 13:42:59 +0000},
  Keywords                 = {3}
}

@Article{strazzo2013observed,
  Title                    = {Observed versus GCM-generated local tropical cyclone frequency: Comparisons using a spatial lattice},
  Author                   = {Strazzo, Sarah and Elsner, James B and LaRow, Timothy and Halperin, Daniel J and Zhao, Ming},
  Journal                  = {Journal of Climate},
  Year                     = {2013},
  Number                   = {21},
  Pages                    = {8257--8268},
  Volume                   = {26},
  File                     = {Observed_GCM_spatial_lattice_Strazzo2013:\\\\icnas1.cc.ic.ac.uk\\acc215\\Documents\\Review_Hurricanes_climate_change\\jcli-d-12-00808%2E1.pdf:PDF},
  Keywords                 = {6}
}

@Electronic{stull,
  Title                    = {Meteorology for Scientists and Engineers, 3rd Ed. Chapter 13},
  Author                   = {Roland Stull},
  URL                      = {www.eoas.ubc.ca/books/Practical_Meteorology/mse3/Ch13-Cyclones.pdf},
  Year                     = {2015}
}

@Article{swiss2015natural,
  Title                    = {Natural catastrophes and man-made disasters in 2014: convective and winter storms generate most losses},
  Author                   = {Swiss, Re},
  Journal                  = {Sigma},
  Year                     = {2015},
  Number                   = {2}
}

@Article{swissBra2014,
  Title                    = {The risk of tropical cyclones in Brazil},
  Author                   = {Re. Swiss},
  Year                     = {2014}
}

@Article{terray2007impact,
  Title                    = {Impact of southeast Indian Ocean sea surface temperature anomalies on monsoon-ENSO-dipole variability in a coupled ocean--atmosphere model},
  Author                   = {Terray, Pascal and Chauvin, Fabrice and Douville, Herv{\'e}},
  Journal                  = {Climate dynamics},
  Year                     = {2007},
  Number                   = {6},
  Pages                    = {553--580},
  Volume                   = {28},
  File                     = {Terray_impact_Indian_Ocean_anomalies_2007:art%3A10.1007%2Fs00382-006-0192-y.pdf:PDF},
  Keywords                 = {4},
  Publisher                = {Springer}
}

@Article{thomas2010reduction,
  Title                    = {Reduction of the usable wind-work on the general circulation by forced symmetric instability},
  Author                   = {Thomas, LN and Taylor, JR},
  Journal                  = {Geophysical Research Letters},
  Year                     = {2010},
  Number                   = {18},
  Volume                   = {37},
  File                     = {Thomas2010_symmetric:\\\\icnas1.cc.ic.ac.uk\\acc215\\Documents\\China_MO\\References\\Thomas_et_al-2010-Geophysical_Research_Letters.pdf:PDF},
  Publisher                = {Wiley Online Library}
}

@Article{thomas2013symmetric,
  Title                    = {Symmetric instability in the Gulf Stream},
  Author                   = {Thomas, Leif N and Taylor, John R and Ferrari, Raffaele and Joyce, Terrence M},
  Journal                  = {Deep Sea Research Part II: Topical Studies in Oceanography},
  Year                     = {2013},
  Pages                    = {96--110},
  Volume                   = {91},
  File                     = {Thomas2013_symm_GS:\\\\icnas1.cc.ic.ac.uk\\acc215\\Documents\\China_MO\\References\\1-s2.0-S0967064513000829-main.pdf:PDF},
  Publisher                = {Elsevier}
}

@Article{ting2015natural,
  Title                    = {Natural and Forced North Atlantic Hurricane Potential Intensity Change in CMIP5 Models*},
  Author                   = {Ting, Mingfang and Camargo, Suzana J and Li, Cuihua and Kushnir, Yochanan},
  Journal                  = {Journal of Climate},
  Year                     = {2015},
  Number                   = {10},
  Pages                    = {3926--3942},
  Volume                   = {28},
  Keywords                 = {3},
  Owner                    = {acc215},
  Timestamp                = {2015.11.12}
}

@Article{tolwinski2015uncertainty,
  Title                    = {Uncertainty quantification for a climatology of the frequency and spatial distribution of North Atlantic tropical cyclone landfalls},
  Author                   = {Tolwinski-Ward, SE},
  Journal                  = {Journal of Advances in Modeling Earth Systems},
  Year                     = {2015},
  Number                   = {1},
  Pages                    = {305--319},
  Volume                   = {7},
  Keywords                 = {3},
  Publisher                = {Wiley Online Library}
}

@Article{torn2012uncertainty,
  Title                    = {Uncertainty of tropical cyclone best-track information},
  Author                   = {Torn, Ryan D and Snyder, Chris},
  Journal                  = {Weather and Forecasting},
  Year                     = {2012},
  Number                   = {3},
  Pages                    = {715--729},
  Volume                   = {27},
  Date-added               = {2015-09-07 14:49:35 +0000},
  Date-modified            = {2015-09-07 14:49:35 +0000},
  Keywords                 = {4}
}

@Article{tory2013development,
  Title                    = {The development and assessment of a model-, grid-, and basin-independent tropical cyclone detection scheme},
  Author                   = {Tory, KJ and Chand, SS and Dare, RA and McBride, JL},
  Journal                  = {Journal of Climate},
  Year                     = {2013},
  Number                   = {15},
  Pages                    = {5493--5507},
  Volume                   = {26},
  Keywords                 = {4}
}

@Article{ulbrich1999shift,
  Title                    = {A shift of the NAO and increasing storm track activity over Europe due to anthropogenic greenhouse gas forcing},
  Author                   = {Ulbrich, U and Christoph, Michael},
  Journal                  = {Climate dynamics},
  Year                     = {1999},
  Number                   = {7},
  Pages                    = {551--559},
  Volume                   = {15},
  File                     = {Ulbrich1999_NAO_anthropogenic:\\\\icnas1.cc.ic.ac.uk\\acc215\\Documents\\China_MO\\References\\art%3A10.1007%2Fs003820050299.pdf:PDF},
  Publisher                = {Springer}
}

@Article{ulbrich2009extra,
  Title                    = {Extra-tropical cyclones in the present and future climate: a review},
  Author                   = {Ulbrich, U and Leckebusch, GC and Pinto, Joaquim G},
  Journal                  = {Theoretical and Applied Climatology},
  Year                     = {2009},
  Number                   = {1-2},
  Pages                    = {117--131},
  Volume                   = {96},
  Publisher                = {Springer}
}

@Article{unanwa2000development,
  Title                    = {The development of wind damage bands for buildings},
  Author                   = {Unanwa, CO and McDonald, JR and Mehta, KC and Smith, DA},
  Journal                  = {Journal of Wind Engineering and Industrial Aerodynamics},
  Year                     = {2000},
  Number                   = {1},
  Pages                    = {119--149},
  Volume                   = {84},
  Publisher                = {Elsevier}
}

@Article{under_hurr,
  Title                    = {Understanding Hurricanes},
  Author                   = {Roger K. Smith and Michael T. Montgomery},
  Journal                  = {Weather},
  Year                     = {2016},
  Month                    = {September},
  Number                   = {9},
  Volume                   = {71}
}

@Article{undrisk2014,
  Title                    = {Understanding risk : Review of open source and open access software packages available to quanify risk from natural hazards. Washington, DC: World Bank Group.},
  Author                   = {World Bank},
  Year                     = {2014}
}

@Article{uppala2005era,
  Title                    = {The ERA-40 re-analysis},
  Author                   = {Uppala, Sakari M and K{\aa}llberg, PW and Simmons, AJ and Andrae, U and Bechtold, V and Fiorino, M and Gibson, JK and Haseler, J and Hernandez, A and Kelly, GA and others},
  Journal                  = {Quarterly Journal of the Royal Meteorological Society},
  Year                     = {2005},
  Number                   = {612},
  Pages                    = {2961--3012},
  Volume                   = {131},
  Date-added               = {2015-09-02 13:47:32 +0000},
  Date-modified            = {2015-09-02 13:47:32 +0000},
  Publisher                = {Wiley Online Library}
}

@Article{vallis2008local,
  Title                    = {Local and hemispheric dynamics of the North Atlantic Oscillation, annular patterns and the zonal index},
  Author                   = {Vallis, Geoffrey K and Gerber, Edwin P},
  Journal                  = {Dynamics of atmospheres and oceans},
  Year                     = {2008},
  Number                   = {3},
  Pages                    = {184--212},
  Volume                   = {44},
  Publisher                = {Elsevier}
}

@Article{vanniere2017cold,
  Title                    = {A “Cold Path” for the Gulf Stream--Troposphere Connection},
  Author                   = {Vanni{\`e}re, Beno{\^\i}t and Czaja, Arnaud and Dacre, Helen and Woollings, Tim},
  Journal                  = {Journal of Climate},
  Year                     = {2017},
  Number                   = {4},
  Pages                    = {1363--1379},
  Volume                   = {30}
}

@Article{vecchi2007global,
  Title                    = {Global warming and the weakening of the tropical circulation},
  Author                   = {Vecchi, Gabriel A and Soden, Brian J},
  Journal                  = {Journal of Climate},
  Year                     = {2007},
  Number                   = {17},
  Pages                    = {4316--4340},
  Volume                   = {20}
}

@Article{vecchi2008estimates,
  Title                    = {On Estimates of Historical North Atlantic Tropical Cyclone Activity*},
  Author                   = {Vecchi, Gabriel A and Knutson, Thomas R},
  Journal                  = {Journal of Climate},
  Year                     = {2008},
  Number                   = {14},
  Pages                    = {3580--3600},
  Volume                   = {21}
}

@Article{vecchi2011estimating,
  Title                    = {Estimating annual numbers of Atlantic hurricanes missing from the HURDAT database (1878-1965) using ship track density},
  Author                   = {Vecchi, Gabriel A and Knutson, Thomas R},
  Journal                  = {Journal of Climate},
  Year                     = {2011},
  Number                   = {6},
  Pages                    = {1736--1746},
  Volume                   = {24},
  Date-added               = {2015-09-03 09:08:41 +0000},
  Date-modified            = {2015-09-03 09:08:41 +0000}
}

@Article{velden1991basic,
  Title                    = {The basic relationship between tropical cyclone intensity and the depth of the environmental steering layer in the Australian region},
  Author                   = {Velden, Christopher S and Leslie, Lance M},
  Journal                  = {Weather and Forecasting},
  Year                     = {1991},
  Number                   = {2},
  Pages                    = {244--253},
  Volume                   = {6},
  File                     = {Velden1991_steering:steering layer versus intensitypdf.pdf:PDF},
  Keywords                 = {54}
}

@Article{velden2006dvorak,
  Title                    = {The Dvorak tropical cyclone intensity estimation technique: A satellite-based method that has endured for over 30 years},
  Author                   = {Velden, Christopher and Harper, Bruce and Wells, Frank and Beven, John L and Zehr, Ray and Olander, Timothy and Mayfield, Max and Guard, Charles “Chip” and Lander, Mark and Edson, Roger and others},
  Journal                  = {Bulletin of the American Meteorological Society},
  Year                     = {2006},
  Number                   = {9},
  Pages                    = {1195--1210},
  Volume                   = {87},
  File                     = {Dvorak_Velden2006:06velden.pdf:PDF},
  Keywords                 = {2},
  Owner                    = {acc215},
  Timestamp                = {2015.12.07}
}

@Article{vickery2000hurricane,
  Title                    = {Hurricane wind field model for use in hurricane simulations},
  Author                   = {Vickery, Peter J and Skerlj, PF and Steckley, AC and Twisdale, LA},
  Journal                  = {Journal of Structural Engineering},
  Year                     = {2000},
  Number                   = {10},
  Pages                    = {1203--1221},
  Volume                   = {126},
  Publisher                = {American Society of Civil Engineers}
}

@Article{vickery2000simulation,
  Title                    = {Simulation of hurricane risk in the US using empirical track model},
  Author                   = {Vickery, PJ and Skerlj, PF and Twisdale, LA},
  Journal                  = {Journal of structural engineering},
  Year                     = {2000},
  Number                   = {10},
  Pages                    = {1222--1237},
  Volume                   = {126},
  Keywords                 = {5},
  Publisher                = {American Society of Civil Engineers}
}

@Article{vijaya2003multimodel,
  Title                    = {Multimodel superensemble forecasting of tropical cyclones in the Pacific},
  Author                   = {Vijaya Kumar, TSV and Krishnamurti, TN and Fiorino, Michael and Nagata, Masashi},
  Journal                  = {Monthly Weather Review},
  Year                     = {2003},
  Number                   = {3},
  Pages                    = {574--583},
  Volume                   = {131},
  File                     = {Kumar2003_multimodel_superensemble:H\:\\Documents\\China_MO\\References\\1520-0493%282003%29131-0574%3Amsfotc-2%2E0%2Eco%3B2.pdf:PDF},
  Keywords                 = {2},
  Owner                    = {acc215},
  Timestamp                = {2015.10.12}
}

@Article{villarini2012north,
  Title                    = {North Atlantic Power Dissipation Index (PDI) and Accumulated Cyclone Energy (ACE): Statistical modeling and sensitivity to sea surface temperature changes},
  Author                   = {Villarini, Gabriele and Vecchi, Gabriel A},
  Journal                  = {Journal of Climate},
  Year                     = {2012},
  Number                   = {2},
  Pages                    = {625--637},
  Volume                   = {25},
  File                     = {Villarini_North_Atlantic_PDI_SST:jcli-d-11-00146%2E1.pdf:PDF},
  Keywords                 = {5}
}

@Article{vitart2006seasonal,
  Title                    = {Seasonal forecasting of tropical storm frequency using a multi-model ensemble},
  Author                   = {Vitart, Frederic},
  Journal                  = {Quarterly Journal of the Royal Meteorological Society},
  Year                     = {2006},
  Number                   = {615},
  Pages                    = {647--666},
  Volume                   = {132},
  File                     = {Vitart2006_seasonal_forecasting:H\:\\Documents\\China_MO\\References\\200613261520_ftp.pdf:PDF},
  Keywords                 = {1},
  Owner                    = {acc215},
  Publisher                = {Wiley Online Library},
  Timestamp                = {2015.10.16}
}

@Article{walsh2007objectively,
  Title                    = {Objectively determined resolution-dependent threshold criteria for the detection of tropical cyclones in climate models and reanalyses},
  Author                   = {Walsh, KJE and Fiorino, M and Landsea, CW and McInnes, KL},
  Journal                  = {Journal of climate},
  Year                     = {2007},
  Number                   = {10},
  Pages                    = {2307--2314},
  Volume                   = {20},
  Date-added               = {2015-09-02 13:48:40 +0000},
  Date-modified            = {2015-09-02 13:48:40 +0000},
  Keywords                 = {3}
}

@Article{wang2002strong,
  Title                    = {How strong ENSO events affect tropical storm activity over the western North Pacific*},
  Author                   = {Wang, Bin and Chan, Johnny CL},
  Journal                  = {Journal of Climate},
  Year                     = {2002},
  Number                   = {13},
  Pages                    = {1643--1658},
  Volume                   = {15}
}

@Article{wang2003atmosphere,
  Title                    = {Atmosphere-warm ocean interaction and its impacts on Asian-Australian monsoon variation*},
  Author                   = {Wang, Bin and Wu, Renguang and Li, TIM},
  Journal                  = {Journal of Climate},
  Year                     = {2003},
  Number                   = {8},
  Pages                    = {1195--1211},
  Volume                   = {16},
  File                     = {Wang_atmosphere-warm_ocean_2003:1520-0442%282003%2916-1195%3Aaoiaii-2%2E0%2Eco%3B2.pdf:PDF},
  Keywords                 = {5}
}

@Article{wang2006influences,
  Title                    = {Influences of the Atlantic warm pool on Western Hemisphere summer rainfall and Atlantic hurricanes},
  Author                   = {Wang, Chunzai and Enfield, David B and Lee, Sang-ki and Landsea, Christopher W},
  Journal                  = {Journal of Climate},
  Year                     = {2006},
  Number                   = {12},
  Pages                    = {3011--3028},
  Volume                   = {19},
  Keywords                 = {1},
  Owner                    = {acc215},
  Timestamp                = {2015.11.12}
}

@Article{wang2010climate,
  Title                    = {Climate control of the global tropical storm days (1965--2008)},
  Author                   = {Wang, Bin and Yang, Yuxing and Ding, Qing-Hua and Murakami, Hiroyuki and Huang, Fei},
  Journal                  = {Geophysical Research Letters},
  Year                     = {2010},
  Number                   = {7},
  Volume                   = {37},
  File                     = {Wang2010_climate_control:\\\\icnas1.cc.ic.ac.uk\\acc215\\Documents\\China_MO\\References\\12.pdf:PDF},
  Keywords                 = {7},
  Publisher                = {Wiley Online Library}
}

@Article{wang2013subtropical,
  Title                    = {Subtropical high predictability establishes a promising way for monsoon and tropical storm predictions},
  Author                   = {Wang, Bin and Xiang, Baoqiang and Lee, June-Yi},
  Journal                  = {Proceedings of the National Academy of Sciences},
  Year                     = {2013},
  Number                   = {8},
  Pages                    = {2718--2722},
  Volume                   = {110},
  File                     = {Wang_subtropical_high_monsoon_tropical_storm:PNAS-2013-Wang-2718-22.pdf:PDF},
  Keywords                 = {5},
  Publisher                = {National Acad Sciences}
}

@Article{wang2015analytic,
  Title                    = {An Analytic Model of Tropical Cyclone Wind Profiles},
  Author                   = {Wang, Shuai and Toumi, Ralf and Czaja, Arnaud and Van Kan, Adrian},
  Journal                  = {Quarterly Journal of the Royal Meteorological Society},
  Year                     = {2015},
  Publisher                = {Wiley Online Library}
}

@Article{warner2010development,
  Title                    = {Development of a coupled ocean--atmosphere--wave--sediment transport (COAWST) modeling system},
  Author                   = {Warner, John C and Armstrong, Brandy and He, Ruoying and Zambon, Joseph B},
  Journal                  = {Ocean modelling},
  Year                     = {2010},
  Number                   = {3},
  Pages                    = {230--244},
  Volume                   = {35},
  File                     = {Warner2010_development_model:1-s2.0-S1463500310001113-main.pdf:PDF},
  Keywords                 = {1},
  Owner                    = {acc215},
  Publisher                = {Elsevier},
  Timestamp                = {2015.10.08}
}

@Article{weart2010development,
  Title                    = {The development of general circulation models of climate},
  Author                   = {Weart, Spencer},
  Journal                  = {Studies in History and Philosophy of Science Part B: Studies in History and Philosophy of Modern Physics},
  Year                     = {2010},
  Number                   = {3},
  Pages                    = {208--217},
  Volume                   = {41},
  File                     = {GCM_dev_Weart2010:\\\\icnas1.cc.ic.ac.uk\\acc215\\Documents\\Review_Hurricanes_climate_change\\1-s2.0-S1355219810000407-main.pdf:PDF},
  Keywords                 = {3},
  Publisher                = {Elsevier}
}

@Article{webster1981mechanisms,
  Title                    = {Mechanisms determining the atmospheric response to sea surface temperature anomalies},
  Author                   = {Webster, Peter J},
  Journal                  = {Journal of the Atmospheric Sciences},
  Year                     = {1981},
  Number                   = {3},
  Pages                    = {554--571},
  Volume                   = {38},
  File                     = {Webster1981_atmosphere_sst:\\\\icnas1.cc.ic.ac.uk\\acc215\\Documents\\Journal Club\\1520-0469%281981%29038-0554%3Amdtart-2%2E0%2Eco%3B2.pdf:PDF},
  Keywords                 = {7}
}

@Article{webster1998atmospheric,
  Title                    = {Atmospheric wave propagation in heterogeneous flow: basic flow controls on tropical—extratropical interaction and equatorial wave modification},
  Author                   = {Webster, Peter J and Chang, Hai-Ru},
  Journal                  = {Dynamics of atmospheres and oceans},
  Year                     = {1998},
  Number                   = {1},
  Pages                    = {91--134},
  Volume                   = {27},
  Keywords                 = {7},
  Publisher                = {Elsevier}
}

@Article{webster2005changes,
  Title                    = {Changes in tropical cyclone number, duration, and intensity in a warming environment},
  Author                   = {Webster, Peter J and Holland, Greg J and Curry, Judith A and Chang, H-R},
  Journal                  = {Science},
  Year                     = {2005},
  Number                   = {5742},
  Pages                    = {1844--1846},
  Volume                   = {309},
  Keywords                 = {1},
  Owner                    = {acc215},
  Publisher                = {American Association for the Advancement of Science},
  Timestamp                = {2015.12.07}
}

@Article{weinkle2012historical,
  Title                    = {Historical global tropical cyclone landfalls*},
  Author                   = {Weinkle, Jessica and Maue, Ryan and Pielke Jr, Roger},
  Journal                  = {Journal of Climate},
  Year                     = {2012},
  Number                   = {13},
  Pages                    = {4729--4735},
  Volume                   = {25}
}

@Article{weller2010challenges,
  Title                    = {Challenges facing adaptive mesh modeling of the atmosphere and ocean},
  Author                   = {Weller, Hilary and Ringler, Todd and Piggott, Matthew and Wood, Nigel},
  Journal                  = {Bulletin of the American Meteorological Society},
  Year                     = {2010},
  Number                   = {1},
  Pages                    = {105--108},
  Volume                   = {91}
}

@Article{willoughby2006parametric,
  Title                    = {Parametric representation of the primary hurricane vortex. Part II: A new family of sectionally continuous profiles},
  Author                   = {Willoughby, HE and Darling, RWR and Rahn, ME},
  Journal                  = {Monthly weather review},
  Year                     = {2006},
  Number                   = {4},
  Pages                    = {1102--1120},
  Volume                   = {134}
}

@Online{wmoclimod,
  Title                    = {Climate Models},
  Author                   = {World Meteorological Organization},
  URL                      = {www.wmo.int/pages/themes/climate/climate_models.php}
}

@Conference{wmoitwc8,
  Title                    = {International Workshop on Tropical Cyclones 8},
  Author                   = {World Meteorological Organization},
  Booktitle                = {Recommendations},
  Year                     = {2014},
  Note                     = {www.wmo.int/pages/prog/arep/wwrp/tmr/documents/ListofRecommendations.pdf}
}

@Article{wu1992gcm,
  Title                    = {A GCM simulation of the relationship between tropical-storm formation and ENSO},
  Author                   = {Wu, Guoxiong and Lau, Ngar-Cheung},
  Journal                  = {Monthly Weather Review},
  Year                     = {1992},
  Number                   = {6},
  Pages                    = {958--977},
  Volume                   = {120},
  Keywords                 = {6},
  Owner                    = {acc215},
  Timestamp                = {2015.12.07}
}

@Article{wu2004assessing,
  Title                    = {Assessing Impacts of Global Warming on Tropical Cyclone Tracks*},
  Author                   = {Wu, Liguang and Wang, Bin},
  Journal                  = {Journal of climate},
  Year                     = {2004},
  Number                   = {8},
  Pages                    = {1686--1698},
  Volume                   = {17},
  Keywords                 = {3}
}

@Article{wu2005impacts,
  Title                    = {Impacts of air-sea interaction on tropical cyclone track and intensity},
  Author                   = {Wu, Liguang and Wang, Bin and Braun, Scott A},
  Journal                  = {Monthly weather review},
  Year                     = {2005},
  Number                   = {11},
  Pages                    = {3299--3314},
  Volume                   = {133}
}

@Article{wu2011observational,
  Title                    = {Observational analysis of sudden tropical cyclone track changes in the vicinity of the East China Sea},
  Author                   = {Wu, Liguang and Zong, Huijun and Liang, Jia},
  Journal                  = {Journal of the Atmospheric Sciences},
  Year                     = {2011},
  Number                   = {12},
  Pages                    = {3012--3031},
  Volume                   = {68}
}

@Article{wuinfluence,
  Title                    = {THE INFLUENCE OF MONSOON TROUGH ON TROPICAL CYCLONES OVER WESTERN NORTH PACIFIC: ROLE OF TROPICAL WAVES},
  Author                   = {Wu, Liang and Huang, RongHui and Wen, Zhiping},
  File                     = {Wu_influence_monsoon_trough:wu 2012.pdf:PDF},
  Keywords                 = {7}
}

@Article{xiao2013analysis,
  Title                    = {ANALYSIS OF THE CLIMATIC CHARACTERISTICS OF LANDING TROPICAL CYCLONES IN EAST CHINA},
  Author                   = {Xiao-qin, LU and Bing-ke, ZHAO},
  Journal                  = {Journal of Tropical Meteorology},
  Year                     = {2013},
  Number                   = {2},
  Pages                    = {145--153},
  Volume                   = {19},
  File                     = {Climatic_characteristics:\\\\icnas1.cc.ic.ac.uk\\acc215\\Documents\\China_MO\\References\\P020131016599696618233.pdf:PDF},
  Keywords                 = {7},
  Publisher                = {JOURNAL OF TROPICAL METEOROLOGICAL PRESS 6 FU JIN RD, GUANGZHOU, 510080, PEOPLES R CHINA}
}

@Article{xu2015statistical,
  Title                    = {A statistical analysis on the dependence of tropical cyclone intensification rate on the storm intensity and size in the North Atlantic},
  Author                   = {Xu, Jing and Wang, Yuqing},
  Journal                  = {Weather and Forecasting},
  Year                     = {2015},
  Number                   = {2015},
  Keywords                 = {2},
  Owner                    = {acc215},
  Timestamp                = {2015.11.11}
}

@Article{xuan2014modeling,
  Title                    = {Modeling the climate-induced changes of lake ecosystem structure under the cascade impacts of hurricanes and droughts},
  Author                   = {Xuan, Zhemin and Chang, Ni-Bin},
  Journal                  = {Ecological Modelling},
  Year                     = {2014},
  Pages                    = {79--93},
  Volume                   = {288},
  File                     = {Modeling_lake_ecosystem_Xuan2014:\\\\icnas1.cc.ic.ac.uk\\acc215\\Documents\\Review_Hurricanes_climate_change\\1-s2.0-S0304380014002634-main.pdf:PDF},
  Keywords                 = {3},
  Publisher                = {Elsevier}
}

@Article{yasuda2011stochastic,
  Title                    = {Stochastic typhoon model and its application to future typhoon projection},
  Author                   = {Yasuda, Tomohiro and Mase, Hajime and Kunitomi, Shoji and Mori, Nobuhito and Hayashi, Yuta},
  Journal                  = {Coastal Engineering Proceedings},
  Year                     = {2011},
  Number                   = {32},
  Pages                    = {16},
  Volume                   = {1},
  Keywords                 = {5}
}

@InProceedings{yin2009basin,
  Title                    = {Basin Wide Typhoon Risk Modeling and Simulation for Western North Pacific Basin},
  Author                   = {Yin, Jianming and Welch, Michael B and Yashiro, Harumi and Shinohara, Mizuki},
  Booktitle                = {The seventh Asia-pacific conference on wind engineering, APCWE7, Taipei, Taiwan},
  Year                     = {2009},
  Keywords                 = {5}
}

@Article{yokoyama2008statistical,
  Title                    = {A statistical study on rain characteristics of tropical cyclones using TRMM satellite data},
  Author                   = {Yokoyama, Chie and Takayabu, Yukari N},
  Journal                  = {Monthly weather review},
  Year                     = {2008},
  Number                   = {10},
  Pages                    = {3848--3862},
  Volume                   = {136},
  File                     = {Statistical_rainfall_TRMM_Yokoyama2008:2008mwr2408%2E1.pdf:PDF},
  Keywords                 = {7},
  Owner                    = {acc215},
  Timestamp                = {2015.12.07}
}

@Article{yonekura2011statistical,
  Title                    = {A statistical model of tropical cyclone tracks in the western North Pacific with ENSO-dependent cyclogenesis},
  Author                   = {Yonekura, Emmi and Hall, Timothy M},
  Journal                  = {Journal of Applied Meteorology and Climatology},
  Year                     = {2011},
  Number                   = {8},
  Pages                    = {1725--1739},
  Volume                   = {50},
  File                     = {Yonekura_statistical_WNP_2011:2011jamc2617%2E1.pdf:PDF},
  Keywords                 = {7}
}

@Article{yoo2006variability,
  Title                    = {Variability of the Indian Ocean sea surface temperature and its impacts on Asian-Australian monsoon climate},
  Author                   = {Yoo, Soo-Hyun and Yang, Song and Ho, Chang-Hoi},
  Journal                  = {Journal of Geophysical Research: Atmospheres (1984--2012)},
  Year                     = {2006},
  Number                   = {D3},
  Volume                   = {111},
  File                     = {Yoo2006_variability_IndianOcean_SST:H\:\\Documents\\China_MO\\References\\Yoo_et_al-2006-Journal_of_Geophysical_Research-_Atmospheres_(1984-2012).pdf:PDF},
  Keywords                 = {4},
  Owner                    = {acc215},
  Publisher                = {Wiley Online Library},
  Timestamp                = {2015.10.09}
}

@Article{yu2013current,
  Title                    = {Current capability of operational numerical models in predicting tropical cyclone intensity in the western North Pacific},
  Author                   = {Yu, Hui and Chen, Peiyan and Li, Qingqing and Tang, Bi},
  Journal                  = {Weather and Forecasting},
  Year                     = {2013},
  Number                   = {2},
  Pages                    = {353--367},
  Volume                   = {28},
  File                     = {Yu2013_operational:\\\\icnas1.cc.ic.ac.uk\\acc215\\Documents\\China_MO\\References\\waf-d-11-00100%2E1.pdf:PDF},
  Keywords                 = {7}
}

@Article{zarzycki2014using,
  Title                    = {Using variable-resolution meshes to model tropical cyclones in the Community Atmosphere Model},
  Author                   = {Zarzycki, Colin M and Jablonowski, Christiane and Taylor, Mark A},
  Journal                  = {Monthly Weather Review},
  Year                     = {2014},
  Number                   = {3},
  Pages                    = {1221--1239},
  Volume                   = {142},
  Keywords                 = {6},
  Owner                    = {acc215},
  Timestamp                = {2015.12.07}
}

@Article{zehr1992tropical,
  Title                    = {Tropical cyclogenesis in the western North Pacific.},
  Author                   = {Zehr, Raymond Milton},
  Year                     = {1992}
}

@Article{zeng2007environmental,
  Title                    = {Environmental dynamical control of tropical cyclone intensity-An observational study},
  Author                   = {Zeng, Zhihua and Wang, Yuqing and Wu, Chun-Chieh},
  Journal                  = {Monthly weather review},
  Year                     = {2007},
  Number                   = {1},
  Pages                    = {38--59},
  Volume                   = {135},
  Keywords                 = {2},
  Owner                    = {acc215},
  Timestamp                = {2015.11.12}
}

@Article{zhan2011contributions,
  Title                    = {Contributions of ENSO and East Indian Ocean SSTA to the interannual variability of northwest pacific tropical cyclone frequency*},
  Author                   = {Zhan, Ruifen and Wang, Yuqing and Lei, Xiaotu},
  Journal                  = {Journal of Climate},
  Year                     = {2011},
  Number                   = {2},
  Pages                    = {509--521},
  Volume                   = {24},
  File                     = {Zhan_ENSO_East_Indian_Ocean_2011:2010jcli3808%2E1.pdf:PDF},
  Keywords                 = {4}
}

@Article{zhan2012seasonal,
  Title                    = {Seasonal forecasts of tropical cyclone activity over the western North Pacific: A review},
  Author                   = {Zhan, RUIFEN and Wang, YUQING and Ying, MING},
  Journal                  = {Trop. Cyclone Res. Rev},
  Year                     = {2012},
  Pages                    = {307--324},
  Volume                   = {1},
  File                     = {Zhan2012seasonal:\\\\icnas1.cc.ic.ac.uk\\acc215\\Documents\\China_MO\\References\\Seasonal Forecasts of Tropical Cyclone Activity over the Western North Pacific%3A A Review.pdf:PDF},
  Keywords                 = {7}
}

@Article{zhan2016cfsv2,
  Title                    = {CFSv2-based statistical prediction for seasonal accumulated cyclone energy (ACE) over the western North Pacific},
  Author                   = {Zhan, Ruifen and Wang, Yuqing},
  Journal                  = {Journal of Climate},
  Year                     = {2016},
  Number                   = {2},
  Pages                    = {525--541},
  Volume                   = {29},
  File                     = {Zhan2016CFS:\\\\icnas1.cc.ic.ac.uk\\acc215\\Documents\\China_MO\\References\\jcli-d-15-0059%2E1.pdf:PDF},
  Keywords                 = {7}
}

@Article{zhang2009tropical,
  Title                    = {Tropical cyclone damages in China 1983-2006},
  Author                   = {Zhang, Qiang and Wu, Liguang and Liu, Qiufeng},
  Journal                  = {Bulletin of the American Meteorological Society},
  Year                     = {2009},
  Number                   = {4},
  Pages                    = {489},
  Volume                   = {90},
  Publisher                = {American Meteorological Society}
}

@Article{zhao2009simulations,
  Title                    = {Simulations of global hurricane climatology, interannual variability, and response to global warming using a 50-km resolution GCM},
  Author                   = {Zhao, Ming and Held, Isaac M and Lin, Shian-Jiann and Vecchi, Gabriel A},
  Journal                  = {Journal of Climate},
  Year                     = {2009},
  Number                   = {24},
  Pages                    = {6653--6678},
  Volume                   = {22},
  Keywords                 = {6},
  Owner                    = {acc215},
  Timestamp                = {2015.12.07}
}

@Article{zhao2013robust,
  Title                    = {Robust direct effect of increasing atmospheric CO 2 concentration on global tropical cyclone frequency—a multi-model inter-comparison},
  Author                   = {Zhao, Ming and Held, IM and Vecchi, G and Scoccimarro, E and Wang, H and Wehner, M and Lim, YK and LaRow, T and Camargo, SJ and Walsh, K and others},
  Journal                  = {CLIVAR Var, Fall},
  Year                     = {2013}
}

@Article{zhu2008multiple,
  Title                    = {A multiple scale modeling system for coastal hurricane wind damage mitigation},
  Author                   = {Zhu, Ping},
  Journal                  = {Natural hazards},
  Year                     = {2008},
  Number                   = {3},
  Pages                    = {577--591},
  Volume                   = {47},
  Publisher                = {Springer}
}

@Article{zhu2013estimating,
  Title                    = {Estimating tropical cyclone precipitation risk in Texas},
  Author                   = {Zhu, Laiyin and Quiring, Steven M and Emanuel, Kerry A},
  Journal                  = {Geophysical Research Letters},
  Year                     = {2013},
  Number                   = {23},
  Pages                    = {6225--6230},
  Volume                   = {40},
  Publisher                = {Wiley Online Library}
}

@Article{,
}

@Article{,
}

@Article{,
}

@Article{glinton2017modulation,
  author    = {Glinton, Michael R and Gray, Suzanne L and Chagnon, Jeffrey M and Morcrette, Cyril J},
  title     = {Modulation of precipitation by conditional symmetric instability release},
  journal   = {Atmospheric Research},
  year      = {2017},
  volume    = {185},
  pages     = {186--201},
  publisher = {Elsevier},
}

@Article{czaja2011new,
  author    = {Czaja, Arnaud and Blunt, Nicholas},
  title     = {A new mechanism for ocean--atmosphere coupling in midlatitudes},
  journal   = {Quarterly Journal of the Royal Meteorological Society},
  year      = {2011},
  volume    = {137},
  number    = {657},
  pages     = {1095--1101},
  publisher = {Wiley Online Library},
}

@Article{smirnov2015investigating,
  author  = {Smirnov, Dimitry and Newman, Matthew and Alexander, Michael A and Kwon, Young-Oh and Frankignoul, Claude},
  title   = {Investigating the local atmospheric response to a realistic shift in the Oyashio sea surface temperature front},
  journal = {Journal of Climate},
  year    = {2015},
  volume  = {28},
  number  = {3},
  pages   = {1126--1147},
}

@Article{sampe2010significance,
  author  = {Sampe, Takeaki and Nakamura, Hisashi and Goto, Atsushi and Ohfuchi, Wataru},
  title   = {Significance of a midlatitude SST frontal zone in the formation of a storm track and an eddy-driven westerly jet},
  journal = {Journal of Climate},
  year    = {2010},
  volume  = {23},
  number  = {7},
  pages   = {1793--1814},
}

@Article{booth2012sensitivity,
  author  = {Booth, James F and Thompson, LuAnne and Patoux, J{\'e}r{\^o}me and Kelly, Kathryn A},
  title   = {Sensitivity of midlatitude storm intensification to perturbations in the sea surface temperature near the Gulf Stream},
  journal = {Monthly Weather Review},
  year    = {2012},
  volume  = {140},
  number  = {4},
  pages   = {1241--1256},
}

@Article{small2014storm,
  author    = {Small, R Justin and Tomas, Robert A and Bryan, Frank O},
  title     = {Storm track response to ocean fronts in a global high-resolution climate model},
  journal   = {Climate dynamics},
  year      = {2014},
  volume    = {43},
  number    = {3-4},
  pages     = {805--828},
  publisher = {Springer},
}

@Article{woollings2012response,
  author    = {Woollings, Tim and Gregory, Jonathan M and Pinto, Joaquim G and Reyers, Mark and Brayshaw, David J},
  title     = {Response of the North Atlantic storm track to climate change shaped by ocean--atmosphere coupling},
  journal   = {Nature Geoscience},
  year      = {2012},
  volume    = {5},
  number    = {5},
  pages     = {313},
  publisher = {Nature Publishing Group},
}

@Article{parfitt2017impact,
  author    = {Parfitt, Rhys and Czaja, Arnaud and Kwon, Young-Oh},
  title     = {The impact of SST resolution change in the ERA-Interim reanalysis on wintertime Gulf Stream frontal air-sea interaction},
  journal   = {Geophysical Research Letters},
  year      = {2017},
  volume    = {44},
  number    = {7},
  pages     = {3246--3254},
  publisher = {Wiley Online Library},
}

@Article{moore1993use,
  author  = {Moore, James T and Lambert, Thomas E},
  title   = {The use of equivalent potential vorticity to diagnose regions of conditional symmetric instability},
  journal = {Weather and forecasting},
  year    = {1993},
  volume  = {8},
  number  = {3},
  pages   = {301--308},
}

@Article{vanniere2017contribution,
  author    = {Vanni{\`e}re, Benot and Czaja, Arnaud and Dacre, Helen F},
  title     = {Contribution of the cold sector of extratropical cyclones to mean state features over the Gulf Stream in winter},
  journal   = {Quarterly Journal of the Royal Meteorological Society},
  year      = {2017},
  volume    = {143},
  number    = {705},
  pages     = {1990--2000},
  publisher = {Wiley Online Library},
}

@Article{czaja2001observations,
  author    = {Czaja, Arnaud and Marshall, John},
  title     = {Observations of atmosphere-ocean coupling in the North Atlantic},
  journal   = {Quarterly Journal of the Royal Meteorological Society},
  year      = {2001},
  volume    = {127},
  number    = {576},
  pages     = {1893--1916},
  publisher = {Wiley Online Library},
}

@Article{czaja2002observed,
  author  = {Czaja, Arnaud and Frankignoul, Claude},
  title   = {Observed impact of Atlantic SST anomalies on the North Atlantic Oscillation},
  journal = {Journal of Climate},
  year    = {2002},
  volume  = {15},
  number  = {6},
  pages   = {606--623},
}

@Article{woollings2010variability,
  author    = {Woollings, Tim and Hannachi, Abdel and Hoskins, Brian},
  title     = {Variability of the North Atlantic eddy-driven jet stream},
  journal   = {Quarterly Journal of the Royal Meteorological Society},
  year      = {2010},
  volume    = {136},
  number    = {649},
  pages     = {856--868},
  publisher = {Wiley Online Library},
}

@Article{ma2015distant,
  author    = {Ma, Xiaohui and Chang, Ping and Saravanan, R and Montuoro, Raffaele and Hsieh, Jen-Shan and Wu, Dexing and Lin, Xiaopei and Wu, Lixin and Jing, Zhao},
  title     = {Distant influence of Kuroshio eddies on North Pacific weather patterns?},
  journal   = {Scientific reports},
  year      = {2015},
  volume    = {5},
  pages     = {17785},
  publisher = {Nature Publishing Group},
}

@Article{chen2018assessment,
  author  = {Chen, Ting-Chen and Yau, MK and Kirshbaum, Daniel J},
  title   = {Assessment of conditional symmetric instability from global reanalysis data},
  journal = {Journal of the Atmospheric Sciences},
  year    = {2018},
  number  = {2018},
}

@Article{pinto2009factors,
  author    = {Pinto, Joaquim G and Zacharias, Stefan and Fink, Andreas H and Leckebusch, Gregor C and Ulbrich, Uwe},
  title     = {Factors contributing to the development of extreme North Atlantic cyclones and their relationship with the NAO},
  journal   = {Climate dynamics},
  year      = {2009},
  volume    = {32},
  number    = {5},
  pages     = {711--737},
  publisher = {Springer},
}

@Article{Bonjean2002,
  author  = {Bonjean, Fabrice and Lagerloef, Gary SE},
  title   = {Diagnostic model and analysis of the surface currents in the tropical Pacific Ocean},
  journal = {Journal of Physical Oceanography},
  year    = {2002},
  volume  = {32},
  number  = {10},
  pages   = {2938--2954},
}

@Article{,
}

@Article{peng2002north,
  author    = {Peng, Shiling and Robinson, Walter A and Li, Shuanglin},
  title     = {North Atlantic SST forcing of the NAO and relationships with intrinsic hemispheric variability},
  journal   = {Geophysical Research Letters},
  year      = {2002},
  volume    = {29},
  number    = {8},
  pages     = {117--1},
  publisher = {Wiley Online Library},
}

@Article{,
}

@Article{cayan1992latent,
  author  = {Cayan, Daniel R},
  title   = {Latent and sensible heat flux anomalies over the northern oceans: Driving the sea surface temperature},
  journal = {Journal of Physical Oceanography},
  year    = {1992},
  volume  = {22},
  number  = {8},
  pages   = {859--881},
}

@Article{visbeck2003ocean,
  author    = {Visbeck, Martin and Chassignet, Eric P and Curry, Ruth G and Delworth, Thomas L and Dickson, Robert R and Krahmann, Gerd},
  title     = {The ocean's response to North Atlantic Oscillation variability},
  journal   = {The North Atlantic Oscillation: climatic significance and environmental impact},
  year      = {2003},
  volume    = {134},
  pages     = {113--145},
  publisher = {Wiley Online Library},
}

@Article{vanniere2016potential,
  author    = {Vanni{\`e}re, Beno{\^\i}t and Czaja, Arnaud and Dacre, Helen and Woollings, Tim and Parfitt, Rhys},
  title     = {A potential vorticity signature for the cold sector of winter extratropical cyclones},
  journal   = {Quarterly Journal of the Royal Meteorological Society},
  year      = {2016},
  volume    = {142},
  number    = {694},
  pages     = {432--442},
  publisher = {Wiley Online Library},
}

@Comment{jabref-meta: databaseType:bibtex;}
